3950 6034
143 239 202 299 119
697 224 869 290 Ruebant
891 225 1058 289 ecberte
1078 229 1300 294 Tbttttcttsts
1791 238 1854 299 too

145 372 298 445 peccatum
313 363 453 424 admittit.
468 363 502 419 bt
517 362 594 435 quod
610 360 641 417 iu
654 360 782 417 clamore
790 356 906 415 Domini
915 362 966 415 La·
982 364 1010 429 Α
1024 363 1213 421 testimonium
1228 382 1323 424 uorem
1336 372 1376 424 est
1391 368 1494 442 (ibid).
1506 369 1539 424 ct
1555 366 1689 441 protinus
1703 370 1850 426 assumit:

147 477 247 518 aarum
263 456 412 515 evocantis
428 453 627 526 significatum
638 456 691 518 est,
703 451 734 506 ia
749 450 833 523 cujus
843 450 930 505 domo
945 452 975 505 ct
1027 453 1082 522 dno
1096 470 1158 509 rum
1172 458 1221 527 qui
1234 458 1426 514 testimouium
1439 458 1568 530 perhibeo
1582 458 1614 513 de
1624 460 1737 529 meipso,
1749 463 1776 515 et
1793 465 1853 515 ter-

149 562 212 622 ipse
226 566 243 605 a
258 545 408 604 sororibus
423 543 487 615 ejus
508 540 692 612 pascebatur,
709 538 764 595 hoo
779 539 857 594 idam
874 536 903 593 in
914 535 974 592 cla·
1027 544 1176 600 tirnoas'um
1188 546 1315 617 perhibet
1327 547 1360 603 de
1375 563 1427 617 me,
1443 547 1493 620 qui
1507 548 1583 602 misit
1598 564 1641 603 nse
1654 548 1853 622 Potertibid.).

150 655 231 696 mora
245 635 333 693 Helie
358 632 512 707 praecessit
526 629 683 687 clamantis
699 629 734 684 ad
762 627 931 698 Dominum,
947 631 975 682 cl
1028 632 1110 699 Quod
1125 637 1153 690 et
1166 633 1265 706 ipsum
1281 637 1400 693 concedi
1416 639 1539 707 oportet.
1555 635 1653 692 Palam
1670 644 1855 708 namqaaest

150 726 290 784 dicentis:
301 747 315 775 «
327 723 464 787 Obsecro,
476 720 608 787 Domine,
618 719 746 774 etiamne
756 716 886 784 viduam,
895 715 973 788 apud
1028 722 1161 779 auditam
1175 723 1373 781 testimonium
1390 724 1484 781 Patris
1497 725 1621 782 dicentis
1634 740 1641 780 :
1654 747 1669 777 a
1687 726 1738 781 llic
1747 732 1792 782 est
1803 727 1854 783 rt-

151 832 239 890 quam
252 830 305 887 ogo
322 817 470 884 utcunque
485 812 645 873 θΰθῑθῡὶθΐ,
661 806 802 874 ἃῖῧίῑίῦῑῑ,
815 809 846 861 Ui
859 803 972 861 interii·
1028 811 1086 869 llus
1102 828 1185 869 meus
1205 812 1340 880 dilectus,
1356 814 1385 869 in
1402 831 1460 886 quc
1476 815 1548 871 mibi
1566 812 1730 886 complacui
1745 815 1853 888 (buitta.

150 904 433 977 corastfitiumajust
448 921 462 952 a
479 901 529 973 (ill
545 898 754 970 lieo.xv1r.)lld
771 896 826 952 hoc
846 909 973 966 quoque,
1028 905 1079 971 trit.
1098 925 1112 953 »
1128 903 1161 958 tot
1182 902 1289 959 mortui
1306 903 1479 973 resuscitati,
1500 908 1568 973 otc,
1595 921 1660 975 que
1684 905 1856 960 ostendebat

149 993 229 1067 quod
242 995 383 1049 [mlum
397 988 525 1046 “millum
539 1003 627 1044 ΜΠ]
643 985 800 1059 lipfllllili
820 983 973 1048 D⁰¹¹151¹t¹⁸a
1028 992 1071 1047 cis
1082 1008 1115 1047 ex
1128 996 1211 1047 Patra
1221 1008 1275 1049 suc
1285 1008 1373 1065 opera
1389 993 1472 1060 bona,
1484 991 1652 1049 testimonia
1667 998 1751 1048 erant
1761 994 1796 1049 dc
1809 994 1816 1049 i
1821 1011 1855 1066 p-

148 1082 269 1157 pulcbrs
284 1078 503 1138 convenitillud
519 1077 596 1150 quod
606 1076 656 1132 hic
671 1075 763 1131 luisse
774 1074 884 1131 dicitur
894 1072 973 1129 illias
1028 1097 1070 1147 so,
1084 1085 1143 1136 tam
1155 1081 1250 1137 patria
1260 1097 1347 1153 quam
1359 1081 1435 1137 Filii,
1446 1080 1660 1137 Testimonium
1671 1097 1740 1153 ergo
1750 1097 1854 1138 verum

146 1169 279 1237 amathi,
304 1168 333 1225 ld
356 1172 401 1225 eii
423 1164 561 1223 millii&
586 1164 742 1220 Affirmant
765 1162 843 1220 ⁰1¹5OE
869 1160 973 1230 Jidaeir
1029 1172 1116 1242 atque
1138 1168 1223 1226 fidele
1247 1168 1321 1227 falso
1347 1170 1615 1240 calumniabantur,
1636 1179 1737 1227 contra
1759 1170 1855 1243 legem

148 1261 225 1334 quod
241 1259 331 1316 Jonas
347 1258 442 1314 luctui
456 1256 544 1312 istius
562 1254 749 1326 Sbidphibnoe
766 1253 861 1309 vidtlae
881 1251 972 1319 lilius,
1028 1276 1110 1315 sunm
1128 1260 1363 1332 pnaevaninntorns
1377 1261 1460 1333 logis,
1483 1260 1521 1316 Ad
1540 1259 1687 1332 1118qu
1703 1260 1857 1333 pnoecnrrit

148 1366 233 1422 quem
249 1346 439 1406 resuscitavit
457 1344 565 1410 Helius,
582 1346 673 1400 maire
690 1349 791 1415 poslett
804 1342 920 1399 dicente
935 1341 972 1396 ad
1028 1347 1114 1404 lentio
1130 1349 1311 1421 prophetica,
1327 1348 1450 1422 pulchra
1465 1349 1578 1405 accedit
1599 1348 1627 1404 in
1644 1350 1766 1420 eoquod
1787 1349 1828 1407 nit
1845 1366 1854 1407 ς

148 1456 236 1497 eam:
251 1463 261 1489 ι
275 1438 358 1495 Nunc
368 1434 489 1508 cognovi
505 1433 644 1506 quoniam
659 1432 703 1488 vir
716 1431 764 1488 bei
776 1446 806 1487 es
817 1436 861 1501 ta,
872 1434 900 1487 et
909 1446 973 1485 vcr-
1028 1443 1095 1494 ncce
1109 1441 1203 1495 uitem
1217 1438 1325 1510 populis
1338 1438 1403 1494 dedi
1416 1454 1488 1506 mm,
1504 1438 1599 1494 ducem
1613 1454 1646 1494 cc
1655 1447 1855 1511 preceptorem

148 1529 219 1585 bum
230 1528 281 1585 Dei
298 1526 327 1583 in
344 1542 392 1582 Ore
407 1529 459 1580 tuo
471 1538 573 1579 Verum
590 1526 634 1577 Osi
650 1519 754 1592 (ibid).
772 1541 787 1569 n
803 1519 879 1577 eloh
897 1518 973 1573 hanc
1028 1528 1152 1597 gentibus
1169 1544 1176 1583 ς
1192 1528 1258 1584 Ecce
1276 1536 1398 1602 nentem,
1412 1544 1498 1600 qnam
1521 1527 1658 1585 nminhng
1672 1527 1793 1599 manig,
1808 1529 1855 1584 vi.

149 1635 279 1686 oausam,
290 1618 387 1691 ipsum
400 1631 524 1689 puerum
535 1612 653 1669 amathi
664 1613 842 1680 uocitatum
854 1608 974 1665 amathi
1028 1616 1134 1673 delicet
1145 1625 1213 1673 tuus
1228 1620 1291 1690 ipse
1306 1619 1400 1688 testis,
1415 1622 1441 1674 et
1454 1622 1558 1689 pentes,
1573 1632 1636 1689 quae
1650 1634 1706 1674 non
1721 1633 1857 1687 conconc-

149 1726 277 1782 aamque
292 1725 326 1764 ex
337 1706 456 1763 liebraeo
467 1705 497 1759 in
511 1702 644 1759 Latinam
660 1700 805 1773 linguam,
815 1699 917 1756 veritos
928 1697 971 1753 di·
987 1731 1012 1797 B
1027 1714 1094 1762 rum
1107 1713 1144 1775 n,
1159 1706 1230 1764 ann
1243 1716 1364 1777 corrone,
1377 1712 1492 1779 propter
1507 1708 1655 1763 nominum
1670 1707 1754 1763 neum
1765 1711 1856 1775 enum,

149 1792 581 1867 eitunetaxsoquodttetias
603 1807 700 1847 rerum
719 1789 905 1857 locutosest,
922 1786 972 1843 itte
1030 1798 1055 1853 at
1084 1796 1330 1866 sanctonicensi,
1355 1798 1422 1867 quia
1445 1796 1615 1868 clorificabit
1643 1805 1670 1852 te
1701 1797 1768 1867 (ira.
1799 1796 1858 1869 nv).

149 1888 198 1959 qui
215 1886 374 1943 suscitatus
390 1887 445 1949 eet,
462 1881 540 1938 lilius
557 1886 744 1952 nuncupatus
760 1881 806 1934 est
828 1875 969 1934 veritatis.

147 1976 202 2032 bed
219 1984 246 2032 ct
262 1978 316 2031 boc
331 1973 406 2046 quod
424 1977 572 2028 mortuum
587 1975 619 2025 ut
634 1968 791 2026 suscitaret
807 1966 914 2032 Helias,
925 1981 972 2020 su·

147 2080 200 2138 pra
222 2064 330 2120 lectam
354 2078 441 2119 suum
467 2059 609 2133 poenita
632 2057 772 2130 mysterio
796 2072 853 2112 uon
879 2058 972 2111 vacat.

148 2156 252 2210 Lectus
267 2168 395 2224 namque
410 2148 510 2217 Helie,
524 2146 698 2205 catholicam
713 2145 822 2201 Christi
839 2143 974 2209 desinont

148 2242 317 2307 Ecclesiam,
334 2241 362 2295 in
380 2256 439 2310 qua
463 2237 526 2293 sola
547 2252 598 2308 per
613 2233 817 2290 remissionem
840 2236 975 2303 peccato-

150 2347 216 2389 rum
232 2338 350 2385 mortuas
366 2326 545 2383 reviviscunt
563 2323 678 2379 anima.
696 2321 768 2377 Nam
793 2322 828 2375 de
848 2320 903 2375 bno
924 2320 976 2375 ilc·

152 2419 241 2477 clasis
251 2416 358 2473 dicitur
368 2416 396 2471 in
408 2413 536 2471 canticis
547 2412 726 2469 canticorum
740 2428 747 2466 :
762 2409 825 2465 «lla
835 2408 974 2465 lectulum

154 2506 329 2575 Salomonis,
346 2503 497 2577 sexaginta
517 2502 605 2558 lorles
630 2500 764 2556 ambiunt
778 2501 869 2569 (Cant.
888 2497 944 2569 ru.)
960 2518 975 2547 »

154 2599 357 2672 Supradiclam
368 2611 437 2668 orgo
453 2594 606 2651 lectionem
617 2589 763 2665 Evangelii
775 2591 859 2657 benc,
869 2592 897 2645 et
909 2603 975 2645 con·

1030 1884 1164 1942 videlieet
1175 1887 1260 1956 juxta
1275 1885 1330 1942 hoc
1349 1886 1427 1957 quod
1451 1887 1486 1941 de
1507 1885 1558 1941 illo
1573 1884 1647 1941 dicis
1663 1902 1670 1941 z
1684 1886 1716 1942 dt
1730 1885 1858 1942 testimo·

1031 1974 1111 2031 nium
1124 1975 1251 2047 perbibet
1272 1976 1308 2030 de
1331 1991 1386 2039 me,
1400 1976 1450 2046 qui
1473 1975 1550 2030 misit
1564 1990 1608 2030 oro
1631 1976 1724 2030 Peter.
1743 1974 1856 2030 idcirco

1032 2080 1160 2136 namque
1177 2069 1280 2137 gentos
1302 2063 1447 2119 credendo
1463 2065 1497 2119 ad
1513 2063 1620 2119 Filium
1636 2067 1769 2133 currunt,
1781 2080 1859 2136 quaa

1032 2155 1189 2222 nesciebat,
1201 2154 1271 2225 quia
1280 2153 1377 2224 ipsum
1388 2153 1495 2208 Filium
1506 2153 1680 2226 Patremque
1690 2154 1792 2220 Deum,
1804 2152 1858 2226 qui

1032 2240 1090 2295 duo
1106 2244 1284 2306 tentassent,
1298 2240 1368 2310 quia
1383 2241 1446 2295 duas
1457 2256 1599 2311 personae,
1613 2240 1663 2295 sed
1678 2256 1735 2295 nou
1747 2239 1802 2295 duo
1812 2239 1858 2295 illi

1032 2334 1112 2397 sunt,
1129 2328 1228 2383 fideles
1244 2334 1272 2383 et
1283 2326 1404 2387 idoncos
1418 2330 1620 2399 comprobant,
1633 2344 1758 2399 quorum
1775 2328 1858 2386 tenti·

1032 2417 1165 2473 monium
1181 2416 1332 2487 recipiant,
1348 2433 1382 2472 ox
1399 2416 1485 2473 dictis
1500 2421 1528 2472 et
1542 2432 1577 2473 ex
1593 2416 1677 2473 iactis
1689 2416 1857 2488 utriusque,

1032 2504 1858 2577 eertumtemntesquodinsaritiusadtpsorunsatutem

1032 2594 1623 2666 aPatramissussit.Sedetineo,quod
1636 2595 1860 2667 aitinllvauge·

154 2691 291 2745 sonanter
306 2688 362 2744 ista
377 2688 412 2741 de
427 2685 502 2741 libro
514 2684 625 2755 Regum
641 2680 725 2738 leutio
738 2678 898 2753 procurrit.

441 2772 559 2830 CAPUT
578 2771 681 2827 xxtV.

362 2866 399 2920 lle
414 2865 484 2935 ferio
499 2862 617 2932 septimo
633 2859 764 2915 Sabbata.

185 2955 312 3012 Sabbata
322 2954 377 3010 hoc
391 2950 580 3024 Evangelitlm
590 2946 755 3021 publicula
767 2962 825 3017 quo
834 2944 974 3001 Dominus
1031 2970 1117 3025 annas
1132 2954 1198 3027 (isa,
1215 2956 1271 3024 nv),
1282 2957 1350 3021 etc„
1366 2967 1482 3008 summa
1497 2951 1649 3023 utriusque
1664 2953 1861 3010 consonantia

1032 2686 1093 2742 lice
1109 2683 1251 2757 principio
1266 2682 1399 2740 lectionis
1416 2698 1422 2737 :
1439 2685 1493 2755 Epo
1507 2700 1567 2741 rum
1587 2685 1639 2739 luc
1661 2682 1860 2754 ruunditlocn.

1031 2775 1104 2847 vrit),
1127 2787 1199 2842 etc.;
1216 2778 1245 2829 et
1259 2773 1288 2828 in
1312 2789 1345 2829 cc
1369 2774 1446 2844 quod
1470 2773 1500 2827 in
1528 2772 1703 2845 prophetice
1723 2774 1860 2831 lectionis

1032 2864 1148 2920 exordio
1165 2863 1337 2935 pradictum
1353 2868 1397 2918 est
1421 2877 1428 2919 :
1451 2862 1549 2919 Omnes
1561 2862 1697 2930 sitientes,
1716 2862 1804 2920 ambe
1817 2866 1861 2921 ott

150 3060 216 3101 ⁰⁰OE
233 3043 370 3099 ᾶῙΧῑὸθθῑῑ
384 3043 446 3112 Εθθ
460 3056 520 3096 ium
536 3040 586 3094 toa
599 3036 707 3103 mundi,
722 3037 772 3107 iii
785 3035 972 3107 “inanimes
994 3043 1015 3110 C
1031 3043 1166 3101 antliam
1183 3044 1211 3098 et
1226 3041 1276 3096 illa
1290 3040 1339 3095 lux
1349 3040 1486 3107 inebriat,
1498 3046 1527 3096 et
1540 3040 1602 3095 hec
1618 3057 1695 3112 aqua
1706 3041 1858 3112 sapientias

149 3150 205 3190 oon
227 3132 353 3189 amoueo
375 3132 406 3186 io
429 3129 559 3194 enebris,
582 3127 628 3183 no
656 3125 765 3181 tacete
789 3125 880 3180 tumea
908 3125 973 3178 utra
1031 3136 1145 3205 potatos
1159 3128 1316 3196 illuminat,
1332 3134 1458 3184 testante
1474 3127 1640 3194 psalmista,
1656 3127 1707 3202 qut
1726 3144 1793 3184 oum
1809 3129 1857 3185 ai-

149 3224 245 3294 (Joon.
265 3220 339 3293 vrit),
355 3219 542 3276 obviantibus
557 3215 665 3272 iudeis
684 3219 713 3270 et
732 3212 897 3269 dicentibus
914 3229 920 3268 :
936 3213 973 3267 Tc
1028 3225 1118 3277 nisset
1143 3236 1150 3275 :
1179 3242 1194 3269 a
1210 3220 1350 3285 Quoniam
1378 3219 1453 3288 apud
1479 3222 1508 3273 te
1527 3222 1571 3273 est
1595 3218 1660 3273 lons
1676 3217 1739 3273 site
1764 3217 1855 3289 (Psoi.

149 3312 183 3368 dc
195 3314 222 3367 te
236 3311 295 3383 ipso
310 3308 501 3365 testimouium
515 3306 597 3369 dicio,
618 3301 807 3359 testimouium
824 3310 903 3357 tuum
918 3316 973 3356 oon
1027 3310 1123 3381 xxxv),
1139 3329 1153 3359 a
1167 3308 1302 3380 protinus
1323 3304 1477 3376 subjunxit
1502 3322 1508 3359 :
1535 3327 1549 3355 a
1566 3305 1598 3360 nn
1614 3304 1644 3360 n,
1666 3304 1778 3361 numine
1801 3310 1855 3363 tuo

150 3406 191 3458 ert
214 3416 311 3457 cerum
334 3398 436 3469 titio),
452 3396 559 3452 evincit
583 3409 633 3449 eos
653 3393 739 3448 ssrmo
763 3396 870 3447 atvero
886 3405 972 3462 argu·
1029 3399 1193 3455 videbimus
1208 3395 1307 3452 tumen
1325 3394 1426 3467 (iisd-l·
1442 3416 1456 3444 a
1472 3393 1536 3450 Una
1551 3395 1712 3465 eademque
1735 3395 1854 3467 saplen-

153 3496 260 3557 maato,
272 3487 342 3544 dom
358 3486 445 3543 dicit:
457 3483 522 3541 Eut
536 3500 585 3557 eoo
601 3482 789 3539 testimonium
803 3480 931 3553 perhibeo
942 3478 975 3534 dc
1030 3489 1072 3545 na
1087 3488 1137 3544 nni
1153 3486 1259 3554 patris,
1275 3484 1339 3539 rona
1362 3488 1407 3539 nst
1421 3482 1483 3537 vnae
1499 3480 1657 3555 lumenque
1674 3483 1710 3538 de
1730 3479 1856 3540 nunna„⁸

150 3578 265 3651 milwe
280 3577 468 3634 &immitium
481 3589 572 3630 meum
585 3588 681 3630 ”elim
696 3574 738 3627 eii
752 3569 843 3642 libid)-
860 3569 894 3624 Ei
915 3571 976 3624 ill·
1030 3580 1064 3635 tat
1078 3580 1115 3634 de
1130 3582 1254 3648 utroque
1265 3574 1448 3646 promissum
1462 3577 1507 3628 est
1523 3588 1529 3627 :
1547 3595 1561 3622 a
1579 3573 1806 3628 lnebrlabuntur
1818 3572 1857 3630 ab

151 3670 204 3725 tim
220 3667 365 3741 proponit,
377 3666 455 3739 qood
467 3664 632 3721 necessario
644 3661 862 3718 concedendum
875 3658 931 3714 sit:
945 3658 977 3712 ln
1032 3669 1162 3725 ubertate
1176 3667 1283 3721 domus
1299 3668 1355 3719 [ιη
1371 3661 1475 3736 (nin),
1490 3682 1505 3712 „
1586 3652 1589 3655 ’

151 3760 212 3828 tene
227 3764 318 3814 vestm
332 3757 467 3828 scriptum
481 3757 538 3811 ert:
556 3753 693 3823 Quoniam
708 3750 824 3807 duorum
834 3749 978 3805 bominum

156 3924 1852 3958 ffl—

755 4112 942 4207 LIBER
976 4106 1262 4221 QUINTUS.

387 4389 435 4447 bb
454 4384 572 4444 CAPUT
590 4383 747 4442 PRIMUM.

308 4479 346 4535 tte
361 4477 508 4536 Dominicc
523 4475 553 4532 io
564 4477 692 4531 Poaatooe
708 4473 828 4530 bomini.

198 4560 982 4638 ProcedantlrcspernDominlcebujus,anauaDomi-
1037 4558 1133 4631 palam
1150 4558 1226 4630 apud
1247 4556 1362 4613 ludens
1381 4556 1561 4625 ambulabat,
1583 4559 1632 4613 sed
1654 4557 1763 4615 relictis
1788 4558 1862 4630 illis,

159 4658 230 4714 nice
246 4653 390 4727 passionis
404 4651 558 4709 celebritas
572 4652 737 4708 inchoatur.
753 4653 812 4708 Cur
826 4653 923 4707 autem
940 4652 982 4705 tot
1036 4648 1109 4704 abiit
1119 4649 1203 4719 juxta
1218 4647 1367 4703 desertum
1382 4647 1411 4700 in
1429 4645 1589 4713 civitatem,
1605 4662 1670 4718 quas
1683 4646 1790 4702 dicitur
1811 4647 1862 4702 lli·

159 4745 222 4803 dies
236 4750 303 4801 ante
319 4742 402 4800 illum
419 4742 507 4811 diem,
524 4757 580 4812 quo
600 4740 757 4797 crucifixus
768 4743 815 4794 est
828 4738 979 4806 Dominus,
1036 4737 1120 4806 iram,
1132 4735 1464 4792 clibimorabatorcum
1481 4732 1634 4806 discipulis
1650 4736 1712 4790 sois
1727 4735 1830 4807 (ibib).
1841 4756 1861 4787 a

157 4833 327 4907 incipiatur,
353 4850 388 4889 cx
414 4829 571 4903 Evangelio
598 4828 721 4887 ioannis
749 4827 980 4884 animadvertere
1036 4825 1070 4881 bt
1080 4824 1197 4896 quando
1207 4822 1363 4879 concilium
1375 4821 1447 4877 illud
1459 4820 1591 4877 habitum
1604 4821 1652 4891 nit,
1664 4824 1734 4878 item
1746 4840 1780 4879 ex
1791 4840 1862 4879 coo·

156 4939 327 4998 possumus.
338 4919 473 4978 bitenim
486 4934 492 4973 :
503 4917 690 4990 collegerunt
703 4915 855 4989 pontifices
866 4920 895 4973 et
905 4915 978 4971 Pha·
1034 4913 1225 4986 sequentibus
1241 4910 1339 4984 colligi
1356 4914 1461 4982 potest.
1474 4910 1614 4983 Sequitur
1628 4913 1705 4968 onim
1717 4929 1724 4968 :
1735 4913 1859 4969 «Proxi-

157 5013 231 5070 rissei
244 5011 401 5070 concilium
413 5008 554 5066 adversus
568 5004 683 5074 Jcsum,
694 5009 723 5060 at
737 5005 892 5060 dicebant:
906 5002 979 5067 Ouid
1032 5018 1113 5059 mum
1128 5007 1224 5058 autem
1237 5009 1297 5057 erat
1309 4998 1610 5068 PaschaJudeorum,
1621 5006 1649 5057 et
1664 5001 1861 5059 ascenderunt

155 5103 290 5168 iacimus,
306 5099 376 5173 quia
400 5096 448 5154 bic
464 5095 552 5152 homo
569 5093 663 5151 multa
677 5096 762 5166 signa
783 5091 872 5148 taciti
887 5091 976 5162 (loon.
1033 5091 1119 5147 multi
1135 5091 1165 5147 iu
1183 5090 1411 5164 Hierosolymam
1423 5089 1460 5146 dc
1476 5091 1593 5163 regione
1608 5094 1676 5147 ante
1693 5091 1814 5158 Pascha,
1827 5096 1863 5150 ut

154 5190 228 5263 nni»
244 5191 278 5246 bt
299 5205 364 5246 cum
381 5185 587 5261 prophetasset
607 5198 686 5239 unus
707 5198 741 5238 ex
755 5181 828 5252 ipsis
854 5178 977 5252 caiphas
1034 5180 1250 5237 sanctificarent
1265 5180 1378 5252 seipsos
1401 5180 1492 5251 (ibid.)
1507 5202 1522 5231 a
1540 5179 1628 5236 Plane
1647 5196 1699 5253 per
1722 5180 1785 5251 boc,
1801 5182 1863 5237 ini-

125 5300 129 5305 ·
155 5278 341 5350 nomine,qui
352 5286 412 5334 erat
423 5272 556 5331 Pontifex
564 5273 632 5328 anni
644 5270 819 5342 illius,quod
830 5270 979 5342 expediret
1032 5270 1104 5326 tium
1124 5269 1209 5342 primi
1237 5269 1348 5325 mensis
1367 5273 1439 5323 tunc
1458 5270 1605 5325 exstitisse
1622 5271 1860 5343 commendatur,

155 5383 247 5423 unum
258 5366 407 5422 homiuem
419 5363 492 5421 mori
501 5384 515 5413 (ι
528 5376 579 5434 pro
592 5365 679 5434 gente
689 5363 717 5415 ct
727 5374 784 5415 non
798 5361 912 5414 matum
924 5374 976 5430 pro
1032 5359 1148 5435 quando
1160 5364 1284 5415 Lazarus
1295 5356 1515 5424 suscitatuscet,
1525 5360 1728 5432 propterquod
1738 5359 1860 5431 signum

155 5459 252 5530 gente,
267 5455 318 5511 sed
334 5460 366 5510 ut
380 5453 457 5511 lilios
471 5451 533 5521 Dei,
551 5450 599 5524 qui
614 5453 697 5505 arant
709 5446 845 5521 disparsi,
857 5463 975 5518 cougra-
1033 5468 1089 5508 non
1104 5449 1198 5506 multo
1215 5455 1277 5520 post
1292 5443 1450 5502 concilium
1462 5444 1596 5502 habitum
1613 5452 1667 5506 est.
1679 5449 1767 5506 lteris
1777 5449 1860 5507 anim

156 5549 238 5619 garet
258 5543 288 5599 in
303 5559 397 5600 unum
418 5541 511 5614 (ibid.)
527 5543 670 5598 »secutus
694 5536 829 5610 adiungit
848 5552 974 5610 evauge-
1029 5540 1139 5598 sudata
1154 5541 1226 5606 erat,
1237 5552 1272 5592 ex
1287 5538 1428 5607 precepto
1441 5534 1524 5606 legis,
1537 5536 1721 5594 sanctificare
1741 5539 1860 5612 seipsos

993 4383 1017 4448 D
1032 4379 1118 4436 lisia:
1132 4401 1147 4430 «
1158 4378 1200 4436 ab
1212 4378 1263 4435 illo
1272 4394 1342 4452 ergo
1354 4378 1402 4434 die
1412 4378 1614 4452 cogitaverunt
1623 4379 1863 4437 utinteriicerent

1034 4485 1102 4526 sum
1118 4467 1220 4542 (ibid).
1238 4490 1252 4519 u
1267 4470 1306 4524 Ac
1321 4468 1459 4540 deinceps
1476 4484 1482 4524 :
1500 4491 1514 4518 a
1530 4467 1617 4525 lanus
1631 4485 1699 4541 crgo
1715 4470 1777 4540 jam
1800 4485 1862 4525 non
