3950 6034
141 211 175 268 ll
691 198 860 263 RUPERTl
883 194 1051 258 Accitis
1071 196 1293 263 tttttluitsts
1806 203 1844 263 ts

140 340 292 398 Tructstus
304 336 334 394 iii
349 335 535 410 evangelium
550 335 671 393 ioannis
684 333 826 392 libroruin
840 332 980 405 sinopae
992 332 1028 389 ds
1042 333 1180 406 operibus
1197 338 1302 393 sonctc
1314 338 1342 392 st
1357 334 1514 393 individuo
1528 335 1684 393 Trinitatis
1699 335 1843 395 libroruin

143 429 213 469 xcii.
225 412 305 484 Opus
319 412 349 466 in
359 408 715 493 Apocalypsinlltoeanis
727 406 868 464 librorum
882 409 1016 477 sinopes
1031 405 1061 488 in
1078 421 1117 463 ιιι
1134 409 1261 466 minores
1274 408 1329 464 Pro
1352 408 1581 465 hctsslibiorum
1593 410 1844 490 xmepusculain

142 484 177 540 de
193 483 316 539 victoris
330 481 417 538 Vertit
431 487 480 538 Dei
497 482 583 552 (quod
601 495 674 552 puae
689 484 773 534 tuum
788 477 937 550 proprium
954 477 1009 546 est)
1024 476 1164 534 librorum
1181 496 1221 535 xii
1234 480 1309 551 [xiii]
1325 426 1358 535 igi
1373 495 1447 552 opus
1461 480 1497 537 de
1511 480 1606 551 glorie
1619 486 1648 536 st
1660 480 1769 537 honore
1781 482 1845 536 Filii

141 555 272 613 hominia
287 554 450 611 secundum
465 550 655 624 Evangetium
671 550 809 617 Matiani,
829 550 860 604 in
875 549 952 619 quod
969 552 1000 603 tu
1018 564 1097 604 more
1112 556 1163 606 tuo
1179 568 1225 608 me
1240 552 1431 623 impulistidt
1444 565 1519 624 opus
1534 569 1569 607 eir
1584 551 1668 608 tibris
1683 552 1846 623 tirannide

142 618 1847 768 {litt‘tttttttstttttlstitit?stititltttitttt'*tittstttttttttlttttiltittttl'ltt

145 786 212 828 cum
228 715 416 837 vitoqcomite,
432 738 587 837 perfecero,
604 764 750 821 dimittam
766 772 796 821 et
810 764 868 820 ists
882 779 1066 847 permenam
1083 768 1164 819 tuum
1176 765 1205 820 in
1230 736 1530 837 conspectu'ttoniini,
1546 770 1574 822 et
1589 766 1707 822 adorato
1722 738 1846 823 Domino

143 859 160 899 e
183 841 286 897 alahor
300 841 329 895 ia
346 840 484 895 omnibus
501 838 597 901 bonis,
612 853 676 908 que
691 837 805 892 dederit
818 833 1085 903 minaopaneatani
1103 852 1220 909 quoque
1231 839 1259 891 ia
1274 837 1406 893 canticis
1421 840 1601 894 canticorum
1617 854 1656 894 vii
1672 837 1780 894 libellis
1795 854 1846 892 eii·

163 858 246 978 ficut,
261 911 337 982 quod
350 916 382 967 tu
398 914 478 966 tuoto
493 909 635 965 libentius
645 907 752 977 legisti,
768 913 878 979 quatita
894 905 1010 962 fidelius
1024 923 1057 962 iic
1072 909 1327 965 devotiusbeuium
1345 910 1489 980 Virginem
1517 909 1652 976 ilicium,
1668 910 1766 965 dilecti
1783 909 1847 964 Filii

144 930 196 1042 sssi
212 983 388 1041 Genitricem
398 980 596 1053 diligis‚cujus
611 979 714 1035 honori
728 978 806 1035 idem
820 995 895 1051 opus
911 982 1006 1034 totum
1017 976 1147 1035 dedicari
1161 980 1343 1037 studuilloeo
1360 997 1593 1037 commemorans
1606 980 1767 1052 plurimum
1778 996 1847 1036 coa·

144 1055 276 1129 gratulor
290 1054 344 1110 tibi
359 1053 437 1126 quod
450 1052 576 1125 aliquem
590 1053 651 1121 jem
670 1050 795 1106 trucium
813 1050 975 1123 perceperis
992 1065 1105 1122 magam
1120 1049 1295 1118 dilectionis,
1306 1052 1376 1123 quin
1391 1050 1517 1108 Verbum
1534 1053 1585 1109 Dei
1599 1057 1627 1107 ts
1643 1068 1761 1125 semper
1773 1051 1845 1108 dile·

143 1128 223 1183 nisse
238 1131 266 1182 rt
281 1125 402 1198 diligere
417 1125 526 1196 optime
542 1122 683 1179 novilloc
696 1121 817 1177 verbum
835 1125 952 1177 nummu
968 1124 1021 1176 lua
1035 1127 1090 1189 cst,
1107 1122 1156 1178 tux
1181 1130 1227 1179 tus
1240 1129 1294 1189 cst,
1308 1130 1338 1178 et
1350 1124 1403 1179 lioc
1418 1122 1531 1181 hebens
1547 1123 1576 1179 in
1591 1125 1678 1179 corde
1692 1130 1722 1180 et
1736 1122 1767 1179 ia
1782 1139 1843 1193 ore,

143 1198 335 1263 tumidiores
351 1202 382 1252 tu
396 1212 428 1253 es
443 1212 533 1266 quum
558 1195 646 1260 Deus,
662 1195 712 1264 qui
730 1192 875 1258 accendit,
903 1208 961 1248 non
978 1191 1074 1248 solum
1090 1193 1292 1250 absconditam
1308 1210 1371 1249 esse
1387 1195 1489 1263 notuit,
1506 1211 1608 1250 verum
1630 1196 1719 1250 etiam
1736 1197 1849 1264 majore

144 1286 229 1341 quam
246 1284 311 1326 eras
326 1270 356 1324 in
372 1269 458 1324 domo
478 1268 576 1336 maius
590 1281 680 1337 super
695 1264 905 1322 condelabrum
921 1279 1009 1335 qusai
1022 1266 1224 1337 steteretponi
1241 1282 1274 1320 ac
1288 1266 1383 1322 lucere
1399 1266 1645 1337 solitudinis).
1657 1267 1715 1322 Nec
1730 1268 1847 1332 dubito,

144 1341 216 1415 quin
229 1339 327 1424 omnis
341 1339 466 1411 simplex
481 1338 628 1465 opulusote
636 1337 754 1463 piciens,
771 1338 952 1462 cpnguudenlt
967 1339 1087 1462 propper
1100 1334 1196 1392 lucem
1212 1337 1371 1464 perbiqope
1383 1353 1418 1393 ex
1429 1336 1746 1465 prptuossrsdietmredo
1762 1342 1848 1463 tsntp

143 1413 620 1540 delituittttttttltttt
629 1421 1028 1561 isttttttttttttttt
1040 1424 1075 1534 d
1088 1423 1594 1549 tftttsttttttditastis?
1605 1425 1848 1564 tttt'tttttit.

144 1555 255 1611 tionem
271 1554 480 1625 sempiternum
497 1552 593 1616 tendo,
609 1567 668 1623 quo
683 1556 750 1607 otte
762 1550 882 1607 tendere
897 1565 968 1605 soro.
986 1551 1017 1605 ln
1034 1549 1090 1605 hoc
1103 1556 1147 1607 est
1161 1550 1239 1607 enim
1256 1567 1324 1608 reru
1339 1552 1505 1622 exsultatio,
1528 1569 1586 1609 aon
1623 1553 1671 1607 uis
1686 1551 1783 1618 ditior,
1794 1556 1850 1609 sut

166 1626 290 1683 loriosor
301 1624 395 1681 lactus
406 1640 437 1679 ea
452 1625 480 1679 in
509 1622 564 1680 hoc
577 1621 694 1686 seculo,
709 1622 760 1678 sed
776 1621 845 1693 quin
872 1620 1042 1704 divitiorum
1058 1622 1245 1693 presentium
1258 1631 1284 1679 et
1302 1624 1392 1693 hujus
1405 1624 1503 1696 glorie
1522 1568 1658 1680 cumdque
1669 1629 1756 1695 utque
1775 1640 1847 1696 per·

145 1643 232 1754 {cotio
249 1702 349 1753 munst
364 1696 393 1751 io
410 1695 566 1762 colonum
583 1693 691 1750 divitie
716 1697 874 1765 praesentes
890 1708 1011 1748 manuni
1026 1693 1150 1765 implent
1164 1695 1201 1750 ud
1221 1695 1383 1751 iaciendum
1400 1696 1627 1767 eleemosynam,
1643 1694 1771 1767 cupienti
1783 1696 1848 1751 the·

147 1768 295 1825 enucleare
310 1768 340 1823 in
351 1765 422 1823 coslo
437 1767 542 1837 (linita
557 1765 646 1836 atilli
660 1762 755 1837 glorie
775 1780 914 1848 presens,
931 1764 1070 1836 quonium
1088 1767 1250 1821 secundum
1269 1770 1357 1822 Deum
1374 1772 1430 1835 est,
1447 1768 1571 1823 nisteriu
1585 1767 1619 1823 sit
1633 1783 1679 1823 sm
1705 1766 1786 1823 lioris
1801 1766 1848 1821 di-

145 1839 322 1910 lectionis,et
336 1837 495 1911 gratiarum
512 1836 647 1904 actionis,
661 1835 731 1904 auin
747 1835 975 1892 misericordiam
991 1836 1067 1892 lianc
1080 1836 1160 1893 socie
1188 1837 1306 1894 roboret
1317 1837 1447 1894 veritatis
1471 1853 1549 1910 spes,
1560 1838 1646 1908 juxta
1661 1783 1733 1894 ilfurt
1747 1854 1753 1893 :
1769 1837 1849 1894 illisc-

145 1910 270 1968 ricardia
284 1915 310 1966 et
321 1912 423 1966 ueritas
436 1908 588 1981 praecedent
601 1907 703 1979 [adem
717 1911 805 1976 tuam,
823 1907 1140 1971 Domine,miserirordia
1156 1916 1183 1964 te
1197 1907 1244 1964 tic
1256 1909 1395 1965 exaltarit
1405 1909 1492 1991 (Prot.
1507 1910 1652 1980 cxxxviii).
1663 1909 1777 1966 Veritas
1788 1909 1850 1965 illic

146 1991 174 2040 te
189 1982 305 2040 beatam
321 1981 559 2049 isciet‚scicatem
573 1984 697 2045 nuncet
707 1979 864 2050 perfectius
876 1982 1019 2034 sciturum
1036 1984 1105 2035 tuac
1120 1979 1552 2051 sanctorumjubilutionemde
1566 1981 1674 2052 quibus
1686 1981 1727 2037 its
1737 1981 1848 2037 dictum

145 2059 207 2112 est:
223 2054 346 2121 Domine,
366 2053 397 2108 ia
409 2052 514 2109 lumine
527 2052 618 2108 nultus
633 2049 675 2107 tui
690 2051 884 2117 amintalunt,
894 2060 920 2107 et
931 2049 961 2106 in
977 2052 1088 2107 nomine
1102 2059 1148 2108 tuo
1163 2052 1341 2109 exsultabunt
1350 2059 1407 2108 teta
1420 2053 1477 2124 die,
1492 2057 1519 2108 et
1530 2051 1561 2107 in
1571 2051 1686 2125 justitia
1707 2057 1755 2108 tua
1769 2053 1849 2109 eeal-

145 2122 390 2199 necaturum).

180 2253 221 2327 (2)
236 2249 398 2324 Complosit
413 2253 513 2308 sutem
528 2252 629 2322 postes
642 2248 673 2305 in
688 2246 855 2304 ltntthemm
870 2263 941 2304 eune
961 2247 1052 2304 libros
1067 2263 1120 2317 xii,
1136 2246 1165 2304 iu
1181 2248 1272 2305 Dunid
1289 2265 1335 2305 xv.

623 2750 700 2850 R·
744 2751 818 2851 D.
862 2748 936 2848 D.
980 2749 1364 2858 RUPEM'!

813 2976 966 3033 aestuis
985 2976 1189 3036 tuitiensis

230 3153 315 3279 llll
361 3152 628 3282 ttttttts
679 3154 968 3284 utitatis
1018 3161 1147 3285 PER
1192 3163 1367 3286 ANNI
1415 3163 1760 3291 tittutttti

811 3409 1043 3536 LIBRI
1085 3413 1213 3540 Xll

829 3808 1167 3897 PROLOGUS,

189 4039 227 4093 lin
241 4052 305 4109 puae
317 4052 366 4107 per
375 4038 446 4092 anni
457 4034 593 4090 circulum
603 4033 701 4089 ordine
714 4034 864 4090 constituto
880 4035 911 4090 iu
927 4033 1031 4092 diuinis
1042 4045 1164 4107 acuatur
1177 4037 1290 4109 officiis,
1301 4048 1328 4094 et
1341 4045 1474 4095 attentum
1488 4039 1685 4109 auditorem,et
1699 4043 1853 4110 eruditum,

154 4113 185 4164 ut
201 4108 267 4163 lene
281 4111 468 4179 exponantur,
483 4112 619 4176 expetunt
633 4105 838 4160 uenerabilium
853 4104 1060 4176 scripturaram
1075 4109 1245 4165 didascalum
1259 4114 1339 4181 atque
1352 4113 1531 4184 symmistem.
1547 4114 1754 4169 ditissimorum
1769 4129 1854 4168 nam·

151 4194 203 4251 pue
216 4180 297 4249 sinna
311 4183 376 4233 suat
389 4194 492 4247 rerum,
508 4180 533 4232 et
547 4177 672 4232 sanctina
686 4192 799 4248 quicque
813 4179 954 4233 continent
967 4181 1115 4235 cistertium
1128 4191 1298 4237 sacramenta
1311 4188 1491 4253 secretorum
1505 4201 1624 4257 quonum
1638 4186 1672 4240 ad
1683 4187 1855 4256 majestatem

152 4249 402 4320 cmiternplandam,
417 4264 471 4303 uon
487 4247 544 4304 nisi
557 4247 716 4303 cruditusct
731 4247 878 4329 relipiosus
889 4252 1027 4320 quispiam
1047 4252 1174 4322 aspirare
1193 4252 1304 4309 idoneus
1319 4260 1367 4310 est.
1381 4255 1522 4327 Siquidem
1537 4258 1571 4312 al
1586 4257 1629 4313 liis
1644 4256 1711 4312 uiris
1726 4257 1855 4312 ordinata

153 4322 221 4389 trec,
237 4323 359 4393 utpuein
383 4321 543 4390 obsequium
566 4317 679 4400 domini
697 4328 788 4374 nostri
815 4320 877 4375 lesu
893 4320 1005 4389 Christi,
1020 4326 1069 4393 qui·
1083 4328 1123 4379 est
1143 4329 1225 4395 eaput
1237 4325 1375 4394 Eecteeiae,
1402 4326 1530 4383 instituta
1544 4337 1609 4385 sant
1620 4328 1726 4401 (tipices.
1744 4330 1765 4395 ι)
1782 4343 1790 4391 ;
1805 4326 1856 4399 qui

151 4391 536 4454 sacramentainearuationis,
550 4392 714 4455 amenitatis,
729 4392 881 4461 passionis,
898 4395 1148 4451 resurrectioniset
1162 4399 1328 4453 ascensionis
1345 4400 1414 4470 ejus,
1430 4405 1457 4455 et
1470 4400 1626 4456 sublimiter
1642 4399 1854 4461 intellexerunt,

150 4469 176 4521 et
186 4462 340 4535 predicare
352 4478 427 4529 voce,
443 4462 544 4518 litteris
558 4470 589 4517 ut
609 4477 645 4517 ue
657 4460 814 4529 huiusmodi
828 4463 915 4533 siquis
928 4463 1052 4534 fideliter
1065 4471 1092 4522 et
1115 4470 1255 4538 sapienter
1263 4474 1442 4526 curaverunt.
1462 4472 1591 4528 Videlicet
1607 4474 1713 4529 imitati
1726 4474 1788 4526 sunt
1804 4469 1855 4525 troc

152 4545 233 4609 pacto
249 4534 403 4591 benedictos
416 4533 489 4604 tilios
504 4534 571 4597 Noe,
587 4478 650 4589 geru
666 4539 692 4588 et
714 4533 824 4604 taphet,
839 4534 887 4607 qui
914 4534 1072 4592 ariditatem
1087 4539 1185 4609 patris,
1199 4540 1309 4597 ridente
1321 4542 1466 4598 maledieta
1489 4544 1585 4608 Ciam,
1600 4548 1739 4614 assumpto
1762 4540 1854 4612 pallio

152 4613 211 4681 post
236 4605 348 4663 dorsum
361 4622 453 4670 suuni,
483 4605 620 4660 reverenti
634 4604 780 4672 ditipentia
807 4606 1079 4678 conieceruntfficn.
1097 4615 1146 4677 in).
1174 4610 1255 4677 Nom,
1285 4613 1352 4684 quid
1384 4613 1462 4669 uliud
1477 4616 1536 4670 Noe
1564 4618 1855 4684 denineasuaquam

152 4677 291 4752 plantanti
305 4678 392 4744 (Psat.
409 4677 514 4747 cxxiii),
540 4675 599 4746 ipse
610 4675 764 4755 inebriatus
790 4674 982 4749 dormiensque
1005 4688 1032 4734 et
1047 4681 1078 4735 tn
1099 4682 1276 4739 tabernaculo
1304 4699 1354 4741 suo
1368 4685 1581 4757 trudatur‚'nisi
1596 4688 1743 4743 Dominum
1760 4685 1856 4740 tesam

155 4748 292 4806 Christum
322 4749 505 4820 raeipuruus't,
533 4746 582 4818 qui
597 4763 614 4801 e
627 4761 781 4815 urneusaa,
805 4761 888 4818 quani
903 4747 936 4805 de
951 4751 1072 4822 AEaypto
1106 4753 1252 4809 transtulit
1265 4756 1445 4825 etplnntauit,
1462 4757 1614 4816 inebriatus
1628 4764 1858 4831 aretopanarum

153 4766 325 4891 (loamrixY,
346 4821 449 4890 sopitus
474 4818 687 4900 somaomortis,
717 4817 799 4872 idest
823 4818 920 4900 hatita
935 4821 1063 4877 inuentus
1087 4827 1116 4877 ut
1132 4825 1223 4891 tama,
1242 4825 1339 4896 potam
1371 4828 1425 4884 uod
1437 4830 1579 4899 passibilis
1589 4832 1766 4902 mortalisque
1776 4827 1857 4888 esset,

153 4895 309 4962 apparuit!
323 4890 374 4947 Sed
386 4895 466 4946 meat
483 4899 509 4946 et
524 4891 597 4957 [oras
609 4890 728 4972 nuntiet,
743 4902 859 4959 eumque
875 4891 1049 4966 infirmitatis
1063 4907 1163 4964 ararat
1183 4896 1278 4964 Ciam,
1293 4844 1368 4968 quod
1380 4901 1586 4972 interpretatur
1614 4903 1737 4966 calidus,
1753 4896 1859 4951 scilicet

153 4962 245 5019 omnis
278 4963 428 5020 tisereticus
454 4960 550 5015 cotem
573 4960 612 5014 od
634 4975 738 5024 nram,
763 4967 950 5018 contentiosus
972 4971 1000 5020 et
1015 4967 1173 5035 impatiens.
1203 4972 1273 5024 ttoni
1290 4969 1417 5042 inclytus
1433 4971 1506 5039 Seni,
1533 4982 1561 5030 et
1588 4975 1726 5031 dilatatus
1750 4966 1858 5035 raptu,

154 5033 279 5090 uidelicet
308 5033 438 5091 catholici
451 5041 531 5104 utque
555 5029 705 5101 Apostottci
719 5031 826 5094 Patres,
847 5033 959 5091 ltonesto
982 5048 1217 5094 sacramrutorum
1232 5041 1329 5110 patlio,
1345 5050 1458 5114 propter
1472 5059 1520 5101 nes
1535 5051 1706 5119 assumptam
1720 5041 1823 5097 ornant
1836 5044 1862 5092 et

154 5114 325 5162 uenerantur
348 5102 551 5174 infirmitatem,
567 5113 592 5157 et
607 5102 656 5157 tac
669 5105 729 5173 post
753 5100 862 5160 dorsum
878 5121 969 5175 suum,
981 5110 1047 5180 pitia
1060 5125 1126 5165 sane
1141 5110 1255 5180 infirma
1270 5112 1323 5168 itta
1339 5117 1517 5183 trondemni,
1537 5133 1586 5173 uer
1599 5136 1632 5172 ea
1644 5117 1791 5188 presentes
1807 5108 1862 5181 ipsi

154 5176 292 5232 uiderunt.
322 5177 462 5233 liecuero
484 5182 656 5229 sacramenta
683 5172 830 5255 celebrare,
856 5180 883 5232 et
903 5195 1004 5235 causas
1018 5195 1114 5236 eorum
1142 5198 1195 5238 non
1224 5184 1387 5256 intettipere,
1426 5189 1504 5259 qrtasi
1533 5189 1633 5257 linqua
1660 5186 1738 5260 loqui
1766 5190 1815 5246 ert,
1836 5182 1863 5236 ei

155 5248 224 5303 iuter
239 5251 422 5319 pretationem
434 5248 547 5301 nescire,
559 5244 613 5308 Qui
627 5250 724 5299 uatem
743 5242 844 5317 lingas
861 5248 1003 5317 loquitur,
1019 5250 1110 5323 inquit
1127 5254 1344 5324 tpascotmmet
1359 5264 1391 5313 ut
1406 5260 1615 5329 interpretetur
1626 5262 1648 5335 (t
1657 5260 1718 5315 cir.
1734 5253 1863 5326 xiillloe

155 5316 232 5374 inim
245 5319 410 5379 snirituatr'a
432 5316 636 5373 charismatum
654 5317 739 5382 dona,
763 5319 866 5388 cuitus
890 5322 1040 5380 Ecclesiam
1054 5340 1135 5380 suam
1148 5328 1274 5396 Spiritus
1294 5332 1405 5385 sanctus
1419 5338 1547 5397 exornat,
1567 5338 1655 5407 munis
1669 5324 1800 5391 temulari
1815 5336 1864 5378 not

155 5389 327 5459 minuisti
341 5387 581 5471 ltmdhflssmmil'd
594 5395 676 5455 wrm
689 5403 722 5473 ⁶5⁸
736 5402 800 5459 (Μ
814 5392 919 5516 «spiritu
934 5411 1046 5452 aramus
1061 5399 1374 5467 autpsattimiis,mentis
1388 5417 1495 5473 atroque
1512 5404 1701 5479 intetti'aeatia
1710 5400 1861 5471 captanus.

154 5460 408 5529 Sedncncmntno,
426 5457 653 5535 quemadmodum
684 5475 710 5516 se
730 5475 801 5517 orem

832 5464 927 5536 trinua,
944 5468 1062 5541 spiritus
1076 5468 1185 5543 quidem
1199 5486 1275 5526 atriis
1286 5479 1358 5539 crat,
1372 5489 1450 5529 mens
1465 5478 1561 5532 autem
1576 5479 1637 5534 sine
1650 5478 1744 5550 [mictu
1754 5470 1804 5533 esti
1819 5465 1861 5520 ‘'¹ss
1964 5504 1965 5511 ι
