3950 6034
185 257 246 318 435
743 254 911 316 nnennnt
934 251 1103 314 antistis
1126 249 1346 313 Tttt‘tttittsts

183 387 289 443 ciente
317 384 408 459 (anit.
442 386 475 457 t),
504 385 594 442 multa
620 385 697 442 enirn
734 385 858 453 meiius;
883 383 1169 457 itemqueAchristi
1200 387 1308 453 martyr
1322 397 1386 438 esse
1414 378 1573 448 videbatur,
1602 378 1721 434 undeet
1742 377 1876 448 promissis

82 473 84 480 ⁴
183 475 396 532 illndzlionurn
426 480 566 532 certarnen
593 477 709 542 certavi,
742 492 855 532 cursum
883 491 1010 531 consum·
1066 474 1125 527 suis
1141 475 1329 542 pet-stringere
1344 471 1460 527 tentarit
1473 471 1554 524 illurn
1572 465 1781 524 idaminrilloar
1805 465 1878 520 mali·

180 565 493 634 mani,fidemseruani,·
512 568 630 638 reposita
649 575 688 622 est
707 564 1014 633 ininterronajusritiae
1070 561 1242 628 amantias,
1272 561 1540 630 sicutjarndictum
1562 566 1614 612 est.
1644 555 1694 612 Ubi
1708 563 1797 610 antam
1811 556 1878 611 inter

185 655 307 724 (illim.
331 655 381 725 tr),
405 654 538 710 tatianus
573 656 606 710 ad
637 653 790 710 nlanditias
820 671 881 710 sese
910 651 1014 709 callide
1066 651 1143 723 ipsas
1159 653 1298 725 lacrymas
1314 651 1360 706 isin
1374 647 1488 706 Durnini
1505 647 1582 703 tastis
1597 655 1682 700 tantas
1696 643 1878 700 exsultationis

192 742 358 800 inclinans:
373 742 482 814 Accipe,
499 744 602 814 inquit,
615 744 873 814 dipnitutesaccipe
887 748 1013 810 tonores,
1066 750 1093 796 et
1108 740 1299 797 confessionis
1329 754 1426 795 vocam
1437 736 1548 804 extulit,
1567 734 1694 792 tuncille
1708 731 1817 788 odibilis
1828 730 1878 788 [eo

184 834 276 901 accipe
289 849 389 888 aurum
417 840 614 902 ituraeorum,
648 836 674 890 et
687 836 782 889 omnia
800 833 869 888 tana
894 830 1011 902 posside,
1065 829 1206 896 tatianus,
1218 829 1275 884 imo
1290 826 1430 884 habitator
1444 826 1539 884 cordis
1549 825 1610 896 ejus
1632 819 1878 893 aequamentum,

186 936 251 994 aaa>
265 922 342 979 nolis
369 922 488 993 pretiosa
502 932 579 986 sunt,
606 931 631 978 et
654 926 709 979 esto
736 927 829 978 noster
849 923 965 990 arnicas,
981 924 1013 974 in
1067 918 1175 974 diutins
1189 918 1263 974 terre
1277 933 1336 973 uon
1363 916 1465 987 potuit,
1475 915 1637 985 jubensque
1653 918 1736 981 caput
1748 910 1807 979 ejns
1818 907 1879 963 aba·

190 1011 284 1068 eadem
299 1012 413 1068 scientia
428 1018 453 1067 et
481 1011 512 1068 in
527 1011 618 1069 eodem
633 1028 725 1067 sensu.
736 1011 787 1067 Vir
810 1019 935 1077 sanetus,
953 1026 1013 1067 me·
1065 1023 1120 1079 que
1147 1006 1285 1062 dilatione
1311 1005 1451 1076 amputari
1479 1001 1739 1060 deridendndlxit:
1760 995 1880 1052 Videiusi

184 1117 247 1157 mor
263 1100 340 1172 illius
354 1102 536 1165 ostensionis,
552 1116 607 1172 qna
621 1106 744 1157 tentator
755 1100 896 1156 diabolus.
912 1098 1015 1156 Domi·
1067 1096 1270 1154 carissumus
1285 1096 1384 1153 liberet
1398 1100 1424 1151 te
1437 1103 1463 1150 et
1477 1109 1597 1164 sarpere
1610 1096 1693 1162 mone
1706 1086 1762 1144 tuis
1775 1084 1879 1158 peditat

186 1200 337 1248 nonostro
366 1189 432 1245 iesu
462 1191 574 1247 Christo
600 1206 685 1256 renna
713 1191 810 1246 mundi
839 1197 866 1244 at
896 1188 1013 1256 pluriam
1066 1195 1092 1244 te
1105 1184 1511 1258 taeiatamlruiareiteridebat
1523 1186 1603 1242 onim
1617 1197 1682 1238 enm
1696 1175 1874 1252 proeoquod,

187 1294 284 1336 eornm
301 1281 465 1343 ostendens.
489 1279 558 1335 dixit
573 1296 580 1334 :
597 1280 657 1334 iiaec
684 1279 778 1335 omniu
805 1277 862 1334 tint
890 1280 963 1333 daia
986 1279 1015 1334 si
1066 1277 1480 1347 sirutjemsnpradiuturnent,
1498 1273 1674 1345 postulataat
1689 1259 1878 1325 nononsaasibl

184 1368 284 1425 cadens
311 1367 468 1424 adoraveris
495 1384 539 1423 mc
567 1368 672 1438 (narra.
700 1369 752 1440 tr).
780 1368 852 1424 disit
878 1370 1013 1439 adeum;
1065 1359 1877 1437 ataattmnnpatattntttuixerattttt:nntnsar,noatm

182 1458 283 1526 Cesar,
298 1473 316 1512 a
330 1454 440 1513 diabalo
466 1457 643 1527 seductores,
663 1464 689 1513 et
701 1458 825 1512 ueritatis
837 1458 1013 1528 inquisitores
1064 1458 1156 1514 cernis
1171 1456 1307 1526 ipsum,tn
1319 1469 1371 1527 ouo
1386 1454 1591 1510 demonstrante
1610 1441 1877 1514 contemnendarum

181 1546 353 1604 Christianos
366 1546 639 1617 cataractariorum
657 1567 669 1596 s
685 1549 802 1617 pecunia
817 1555 864 1601 tun
873 1554 921 1602 »et
935 1561 1012 1618 quae·
1064 1546 1212 1603 habiturus
1221 1546 1394 1615 sancitaque
1403 1542 1577 1613 propositum
1588 1527 1879 1596 habenslnuordnejm

182 1649 298 1705 cumque
311 1636 476 1704 promittis«
507 1644 594 1691 tecum
608 1636 665 1690 sint
691 1637 720 1689 in
743 1634 926 1706 perditionem
942 1635 1011 1706 (Act.
1065 1637 1180 1706 spiritus
1195 1633 1408 1704 nequam,qnnd
1424 1633 1508 1688 aliter
1523 1631 1686 1701 sepulerum
1700 1623 1761 1695 ejus
1774 1617 1814 1675 illi
1828 1628 1878 1713 nott

178 1729 251 1790 rur).
264 1744 278 1772 n
292 1723 353 1779 ideo
368 1724 442 1779 enim
454 1727 564 1780 terrena
577 1723 730 1795 promittis,
745 1729 775 1781 ut
785 1725 906 1781 calestia
919 1725 1012 1804 tollas,
1027 1745 1052 1809 B
1067 1725 1156 1793 ilerct,
1172 1724 1229 1781 nisi
1243 1725 1277 1779 ad
1306 1726 1432 1779 montem
1455 1721 1541 1792 longa
1562 1723 1805 1781 sonorantium
1829 1702 1879 1803 sint

179 1822 205 1869 et
216 1814 300 1868 odam
315 1812 505 1869 transitoriam
517 1816 654 1884 promittis
665 1819 696 1870 ut
711 1819 843 1871 eternam
856 1815 1012 1893 subtrahas,
1066 1815 1202 1885 elegerat,
1230 1812 1351 1885 pedibus
1366 1811 1425 1867 snis
1443 1808 1612 1874 ambularet,
1627 1802 1798 1863 derisionem
1812 1806 1879 1891 citt·

181 1902 260 1958 etad
285 1906 441 1958 extremum
462 1902 521 1959 sine
550 1902 632 1960 dalaia
658 1904 758 1960 idirco
780 1904 878 1960 suades
905 1905 1013 1960 caduca
1065 1904 1144 1960 modi
1169 1904 1281 1959 locutas
1307 1905 1362 1959 ast.
1382 1899 1522 1956 Dominus
1549 1906 1646 1954 antem
1669 1894 1750 1949 tasas
1772 1884 1877 1956 glottam

182 1992 330 2060 paudiaut
345 2007 471 2047 amoveas
483 2007 516 2048 ea
529 2008 589 2064 aaa
604 1995 668 2048 sant
678 1999 795 2050 aeterna.
1065 2008 1172 2050 suarna
1186 1999 1285 2050 eontra
1314 1988 1496 2046 manifestere
1512 1988 1645 2057 dignatus
1673 1987 1727 2048 ost,
1739 1983 1768 2033 nt
1783 1973 1877 2029 tldtttl

216 2078 299 2135 Tunc
314 2080 343 2135 in
355 2095 452 2136 vocem
470 2081 668 2138 exsultationis
682 2091 708 2136 et
719 2081 1012 2138 confessionisernm·

180 2182 257 2238 pens
285 2169 420 2224 adversus
449 2169 625 2239 impietatem
655 2170 832 2239 paganicam,
858 2169 1010 2225 iudaicam

179 2264 266 2327 atque
295 2256 466 2327 haereticam,
491 2273 552 2330 quaa
594 2258 726 2315 videlieet
757 2258 899 2329 impietas,
934 2256 1010 2315 vatur

181 2343 320 2401 Cerberus
349 2347 430 2402 canis
458 2346 608 2404 infernalis
633 2348 716 2403 trium
745 2348 882 2419 capitum,
905 2348 1007 2404 catho-

182 2432 268 2490 licam
285 2442 354 2493 tuno
376 2435 492 2492 texebat
520 2437 687 2506 Ecclesiam,
720 2437 852 2494 clamarit
877 2437 1008 2494 etdixit:

180 2523 234 2593 Epo
250 2525 281 2579 in
297 2525 382 2580 nean
398 2541 491 2582 ueram
505 2526 584 2583 eredo
593 2536 619 2582 et
629 2526 720 2598 ipsum
734 2525 819 2583 adoro
836 2528 865 2582 t'n
879 2529 1008 2582 suirstan·

178 2613 219 2668 tiu
246 2628 344 2680 unum,
382 2614 413 2671 ia
439 2618 563 2686 personis
592 2616 711 2685 trinum,
744 2619 899 2672 creatorem
927 2617 1008 2670 totius

181 2699 280 2756 mundi
298 2707 381 2774 utque
409 2703 630 2775 pulematorem
660 2703 774 2759 initium
800 2705 824 2758 et
853 2703 936 2773 finem
951 2717 1005 2759 nen

1064 2089 1091 2138 et
1103 2081 1324 2138 contunderetur
1353 2078 1445 2135 hostis
1473 2076 1535 2146 ejns
1554 2076 1710 2145 imperator
1735 2061 1874 2158 impiorum

1064 2170 1162 2239 falsus,
1178 2178 1206 2226 et
1235 2185 1316 2225 rarus
1336 2165 1443 2224 diaboli
1472 2164 1594 2232 antelios,
1620 2172 1649 2221 at
1677 2157 1751 2230 inuis
1775 2147 1875 2208 tandm

1064 2261 1153 2329 napis
1167 2259 1300 2328 armagis
1315 2273 1380 2314 anm
1395 2258 1551 2312 devoraret.
1563 2251 1695 2324 Martyris
1704 2247 1805 2318 quippe
1819 2249 1873 2292 ror·

1063 2365 1117 2420 pus
1131 2349 1219 2405 erexit
1234 2363 1263 2405 se
1292 2362 1340 2418 per
1355 2347 1484 2402 virtutem
1500 2343 1616 2409 Christi,
1637 2350 1663 2398 et
1678 2331 1812 2395 ambobus
1820 2339 1874 2424 arn·

1064 2438 1177 2509 plexum
1208 2436 1438 2506 manibnsoapnt
1466 2450 1550 2490 anum
1571 2449 1622 2504 per
1647 2442 1735 2488 unum
1764 2415 1874 2476 militati

1062 2527 1266 2588 comitantibus
1281 2528 1377 2598 ntique
1387 2523 1536 2596 appeliant
1563 2504 1873 2578 Christumeollandan-

1061 2617 1138 2674 tibus
1152 2617 1317 2690 deportarit.
1333 2617 1367 2672 iit
1382 2617 1421 2670 ita
1433 2629 1521 2685 nsque
1535 2614 1569 2669 ad
1587 2619 1712 2668 montem
1728 2599 1806 2659 ilium
1820 2590 1875 2648 sint

1063 2706 1287 2763 nilaollensione
1314 2703 1455 2776 pervenit,
1480 2702 1584 2759 deinde
1612 2688 1874 2756 snuttrtanuntem

180 2787 336 2862 latentem,
361 2793 572 2864 cujmrepnnnt
599 2795 790 2862 incorruptum
807 2796 946 2861 permanet
976 2791 1006 2847 in
1061 2795 1167 2866 ipsum,
1188 2795 1268 2852 alibi
1297 2795 1419 2860 lapidem
1448 2792 1543 2849 eolore
1565 2785 1746 2854 alitum,eitu
1770 2774 1874 2865 planum

178 2881 483 2950 sempiternamdredo
504 2881 681 2953 unipenitum
693 2882 743 2936 ilci
769 2882 862 2935 Patris
883 2879 1006 2951 manipo-
1061 2884 1299 2941 invenienssedit
1317 2897 1493 2953 supereum.
1511 2880 1645 2936 Protinus
1666 2856 1875 2934 duritialnpitltt

176 2970 1007 3042 tentisFilumPatriconsudattmtatem,ooaelernamatoue
1060 2973 1186 3031 oilloiose
1213 2975 1295 3031 cessit
1322 2974 1368 3043 pin
1407 2971 1534 3041 martyri.
1562 2968 1677 3025 Etenim
1714 2953 1791 3033 quusi
1817 2958 1873 3004 cett

178 3057 355 3127 eoaqaaten,
371 3059 583 3128 Spiritusancto
602 3069 762 3129 cooperante
775 3074 810 3113 ea
828 3058 919 3114 ilario
937 3075 1004 3114 can-
1061 3062 1157 3118 mollis
1173 3062 1308 3120 insidenti
1337 3062 1477 3135 gremium
1492 3060 1624 3131 openiens
1645 3057 1801 3115 concamtn
1814 3033 1876 3133 8ῦρ-

176 3148 548 3213 ceptam,ncrumttornrnem
563 3150 622 3203 sine
642 3147 812 3219 nirpinttntis
827 3150 1007 3219 corruptione
1061 3150 1174 3208 sellium
1206 3151 1337 3223 praebuit,
1374 3149 1514 3208 seonturis
1551 3140 1737 3205 memorabile
1762 3124 1873 3222 seculus.

175 3241 383 3301 encaustum,
399 3236 449 3292 sui>
466 3239 564 3296 Pontio
578 3239 671 3295 Pilato
686 3240 882 3310 emetienmp
891 3240 1008 3295 mortuis
1062 3241 1141 3298 liudo
1165 3241 1302 3298 haetenus
1312 3256 1396 3297 mons
1406 3239 1467 3307 ille,
1492 3254 1575 3295 mons
1589 3237 1696 3294 dieitur
1719 3220 1808 3286 saneti
1821 3213 1872 3270 nu·

176 3325 263 3380 tertia
278 3325 323 3380 die
349 3325 553 3393 recusaturum,
581 3329 610 3383 in
636 3329 715 3383 catos
743 3337 894 3398 receptum,
918 3326 949 3383 in
963 3329 1011 3382 die
1060 3327 1142 3399 phii:
1169 3337 1211 3384 est
1238 3331 1333 3384 autam
1350 3328 1424 3383 inter
1446 3326 1677 3395 Frumentum,
1701 3328 1727 3377 et
1742 3304 1873 3398 Grandem

174 3412 276 3476 iudicii
294 3414 368 3472 riuos
397 3431 430 3472 ac
450 3427 571 3473 mortuos
594 3417 786 3484 iudicatorum
813 3424 839 3473 et
860 3419 1010 3489 unicuique
1061 3415 1232 3486 medimnis
1247 3424 1364 3489 utraque
1379 3415 1505 3472 millibus
1520 3415 1629 3472 distans
1644 3410 1731 3476 sanis,
1747 3400 1781 3460 tlt
1796 3397 1872 3462 A‘1¹¹¹'

178 3503 326 3560 secundam
340 3506 676 3576 operasuarcdditurum.
1060 3503 1126 3561 lone
1149 3505 1317 3564 Trillensetn
1347 3505 1458 3576 urbem,
1474 3503 1510 3560 ela
1534 3511 1629 3560 austro
1658 3515 1724 3559 reto
1738 3482 1871 3552 Grandem

213 3593 472 3665 interealaerymta
497 3595 654 3651 manabant
682 3611 717 3651 ex
746 3593 837 3652 neniis
864 3595 900 3651 ab
921 3595 1006 3652 initio
1060 3593 1178 3650 habens.

1823 245 1877 306 430
1946 207 1947 274 l

182 3681 330 3751 orationis,
341 3698 426 3754 qnam
443 3683 613 3755 impetratis,
631 3689 661 3740 nt
671 3684 733 3754 jam
749 3685 856 3740 dietum
868 3691 921 3750 ast,
935 3684 1007 3739 indit
1094 3694 1205 3764 turonen
1221 3708 1306 3763 quam
1322 3692 1417 3763 ptum
1446 3691 1552 3748 infimi
1566 3690 1689 3748 mannans
1699 3669 1873 3753 languoribut
1946 3713 1947 3778 1

179 3767 314 3838 induciis,
331 3779 357 3828 et
374 3772 428 3831 lton
451 3774 628 3830 infirmitatis
642 3789 705 3830 esse
727 3773 872 3831 vidobatnr
885 3773 943 3829 illis
956 3772 1007 3843 qni
1058 3780 1155 3837 alniasi
1172 3781 1333 3850 passionem
1357 3780 1474 3851 gloriosi
1505 3777 1640 3850 martyris
1666 3756 1873 3856 tenetunlttr'ffl
1946 3795 1947 3840 p

179 3859 327 3916 nescirent
342 3862 408 3932 quid
425 3863 459 3918 sit
475 3863 544 3919 iliud
561 3861 592 3919 in
616 3861 726 3933 psalmo
747 3862 854 3917 dietum
872 3862 1007 3932 tSacrifi·
1058 3868 1162 3926 christi
1184 3885 1290 3926 nomeu
1319 3870 1350 3925 in
1377 3885 1410 3925 aa
1436 3870 1630 3926 collaudantes
1659 3859 1766 3924 meritis
1791 3852 1873 3922 ipatus
1946 3859 1947 3892 i

175 3946 250 4002 cium
268 3949 322 4005 ileo
348 3953 463 4021 spiritus
491 3951 706 4017 contribulatus,
733 3967 781 4006 cor
809 3949 959 4007 contritum
979 3956 1007 4008 et
1058 3960 1173 4016 sanitati
1189 3959 1292 4015 redditi
1309 3968 1384 4015 sunt,
1403 3960 1467 4016 [tna
1487 3960 1614 4014 videntes
1628 3957 1678 4030 pti,
1703 3944 1786 4011 inlati
1800 3935 1872 3996 sunl,
1946 3947 1947 3982 t

175 4037 366 4109 humiliatam,
383 4040 461 4102 neas.
492 4057 548 4094 nen
560 4039 689 4111 despicies
714 4039 799 4110 (Psal.
812 4040 848 4110 a).
862 4048 889 4094 et
910 4039 978 4097 alibi
998 4057 1005 4097 ε
1057 4047 1202 4117 impiizato
1226 4046 1442 4117 malignamini
1454 4054 1530 4111 nunt,
1544 4056 1642 4104 arona
1664 4032 1874 4104 internuntii&
1946 4035 1947 4046 ¹

178 4126 431 4185 Trilulata'onemet
446 4128 570 4186 damnem
592 4127 700 4195 inueni,
721 4136 747 4184 et
781 4144 879 4185 nomen
897 4131 1007 4186 Domini
1057 4151 1151 4207 pugna
1166 4135 1263 4192 fideles
1287 4136 1418 4207 martyria
1433 4137 1577 4202 manniieei
1605 4138 1717 4194 meritis
1737 4119 1835 4197 satuti,
1848 4113 1873 4166 ⁰²

177 4213 304 4273 introeam
319 4219 406 4289 (Psal.
422 4217 508 4289 wi),
526 4219 678 4288 ⁰1d⁰iil⁵⁰
693 4219 785 4288 θθνὶίθ
801 4218 945 4275 beatorum
961 4219 1005 4275 ta·
1057 4225 1167 4282 Christo
1180 4228 1314 4293 donante,
1328 4227 1409 4283 victis
1431 4226 1596 4283 iulideiilsne
1619 4227 1770 4296 gloriosam
1794 4209 1872 4265 ricit-
1946 4267 1947 4300 ἐ

177 4305 316 4375 gentium,
332 4307 381 4376 qui
408 4305 700 4377 proplnthonipsttm
730 4307 797 4377 quin
820 4306 1006 4376 luitenlbetsli
1057 4315 1129 4371 riam
1147 4315 1254 4385 adepti,
1282 4315 1487 4374 exstinctorum
1518 4331 1637 4388 corpora
1659 4310 1831 4388 paganorum
1845 4289 1872 4343 5⁰
1946 4315 1947 4318 ’

177 4394 370 4467 sunttnattir.
392 4393 434 4468 r),
467 4394 616 4465 spostolus
644 4395 733 4452 dicit:
765 4396 840 4464 Quod
865 4396 1006 4455 indictus
1058 4403 1346 4474 prorimnmnnrinm
1362 4406 1551 4476 projecerant.
1569 4390 1871 4476 liartyrizatnslliffll'e
1946 4435 1947 4466 ;

179 4485 272 4540 iamsi
285 4484 827 4559 ‘wti‘m'lliitlffflli'fflssiiuffldillm
839 4486 888 4558 tui
899 4489 1007 4545 saluam
1022 4479 1046 4543 Ι)
1060 4497 1103 4549 est
1123 4492 1220 4549 beatus
1248 4494 1353 4566 llartpr
1368 4495 1398 4550 in
1414 4500 1494 4565 prato
1509 4509 1631 4563 anieno,
1646 4494 1721 4565 qnod
1739 4487 1823 4544 attam
1833 4471 1871 4526 0⁵¹
1946 4509 1947 4516 κ

179 4572 261 4629 illum
274 4578 366 4643 tacere
375 4577 460 4646 possit
485 4592 547 4632 cum
561 4578 683 4634 emissore
696 4577 787 4634 ualido
805 4586 831 4634 ct
843 4577 943 4635 matris
963 4579 1003 4635 la·
1056 4582 1086 4637 in
1103 4582 1164 4653 ripa
1178 4582 1284 4639 ilntioii
1299 4599 1384 4651 snpra
1395 4582 1603 4652 memorantium
1613 4598 1719 4642 nornen
1733 4568 1870 4632 Vti⁸r¹l¹¹

177 4664 281 4734 erynnis
295 4662 572 4736 offercmecttuditus
582 4666 892 4735 estprosuareverents'a
908 4667 999 4739 (θεὸν.
1056 4670 1193 4727 liniendas
1210 4670 1385 4729 Novembris.
1398 4674 1488 4743 Super
1502 4672 1725 4729 sacratissimum
1747 4659 1872 4744 ⁰1⁰⁸00f'

176 4750 218 4832 v).
236 4756 407 4815 Nesciebant
434 4756 495 4812 hac
513 4757 596 4812 multi
622 4757 671 4828 qni
686 4758 801 4813 aderant
822 4757 1002 4828 maximeque
1055 4759 1295 4831 paradisicolam
1311 4768 1352 4816 est
1367 4777 1382 4815 a
1398 4760 1706 4832 fidelibusoralorium
1722 4754 1771 4817 ubi
1784 4737 1871 4838 fidel·

174 4849 223 4907 ille
239 4855 387 4920 tyrannus,
411 4848 494 4920 cujus
509 4851 569 4903 erat
596 4862 646 4903 eur
664 4846 840 4916 induratum,
864 4847 939 4904 siant
952 4862 1001 4905 eor
1055 4856 1098 4906 tar
1114 4847 1275 4919 potentibus
1304 4846 1458 4907 multarum
1473 4859 1646 4921 prestantur
1668 4841 1807 4909 mnemia
1820 4839 1872 4885 ur-

176 4939 342 5007 Pharannis,
380 4945 409 4994 et
434 4937 542 4997 idnlroo
574 4935 706 4994 infirmus
740 4944 823 5009 atque
856 4937 999 5007 pendulus
1057 4943 1161 4993 tntum.
