3950 6034
98 270 169 333 833
606 266 841 331 oeusuutuu
865 268 915 329 DE
937 263 1014 332 ΒΗΑ
1037 266 1325 334 CONVlerSIONE.
1761 274 1820 338 83⁴

104 403 219 461 Latium
233 417 346 475 quoqne
361 400 467 472 lingua
481 401 771 474 addiscendajngem
782 400 942 473 indulgens
956 403 982 471 Α
998 401 1029 456 in
1045 416 1092 460 me
1106 418 1198 459 vacua
1215 421 1270 461 noo
1291 404 1357 470 luit,
1372 406 1424 462 sed
1439 409 1518 480 quod
1533 408 1600 481 equi
1612 407 1723 468 indicat
1738 427 1820 480 usus,

104 510 242 566 operam,
259 499 373 548 tantam
392 493 466 580 intra
492 491 736 564 quinquennium,
758 491 816 547 Duo
838 492 936 565 opitu·
998 508 1062 548 eam
1079 510 1146 550 cum
1163 493 1214 549 Dei
1230 494 1376 567 adjutorio
1392 497 1539 568 spirituali
1554 499 1690 556 exercitio
1705 517 1821 572 semper

103 582 200 650 laute,
217 582 337 655 proieci,
354 586 387 637 ut
412 581 450 638 ad
466 598 566 638 saeros
590 582 707 638 ordines
733 580 937 653 suscipiendos
992 581 1133 653 excolere,
1154 589 1183 640 et
1206 583 1242 640 ad
1263 584 1373 641 bonum
1398 602 1485 643 usum
1509 588 1655 644 inflectere
1679 586 1819 646 laboravi.

104 680 211 747 aptum
228 689 274 729 me
290 676 413 728 l'ratrum
430 671 559 728 charitas
575 671 732 742 judiearet,
755 671 938 743 benigneque
992 669 1140 728 Christum
1157 689 1273 746 quoqne
1289 689 1386 746 regem
1398 682 1516 732 secutus
1530 693 1609 748 aum,
1632 680 1776 735 mundum
1794 686 1823 736 et

104 761 281 830 attraheret,
296 778 365 818 cum
390 766 488 817 tamen
513 777 568 833 ego
594 759 752 828 humiliter,
769 766 802 817 ut
822 767 937 831 Justuru
994 761 1183 832 quassantia
1201 766 1311 819 munio
1326 766 1550 833 contemnendo,
1567 782 1619 823 nec
1639 765 1735 823 solum
1755 784 1822 825 maa

104 853 363 925 orat,subjieiene‚
373 852 581 924 meiudiguum
592 853 629 908 ad
641 853 694 907 boe
705 851 864 923 minusque
875 849 935 905 ido·
995 849 1105 919 omnia,
1122 869 1222 909 verum
1237 854 1327 911 etiam
1341 858 1371 911 et
1386 853 1532 926 meipsum
1555 872 1606 928 pro
1631 855 1697 928 ejus
1722 872 1824 914 amore

107 959 200 1000 neum
217 947 405 1015 protestarer,
417 941 770 1014 quantumqueaudebam
782 944 811 997 et
819 938 940 996 decebat
993 942 1178 1015 abnegando,
1195 943 1307 1002 iaciens
1321 944 1387 1015 boc,
1403 946 1482 1017 quod
1498 944 1561 1019 ipse
1576 946 1612 1003 de
1630 962 1661 1003 se
1685 951 1821 1005 testatur.

107 1035 244 1090 modeste
258 1033 409 1089 reniterer.
421 1032 498 1089 Deus
508 1031 938 1103 autem‚quibnmilibussem·
994 1030 1054 1087 Non
1068 1035 1142 1102 ueni,
1167 1032 1315 1106 inquiens,
1341 1038 1434 1105 seem
1459 1036 1631 1093 retentatam
1652 1052 1753 1106 moer,
1778 1037 1824 1095 aed

108 1141 165 1197 per
176 1127 225 1180 dat
240 1122 367 1198 gratiam
382 1123 404 1195 (l
418 1124 494 1181 Patr.
510 1122 550 1196 ν),
566 1123 642 1179 inter
656 1139 726 1179 euos
742 1138 789 1179 me
803 1122 940 1179 convims
995 1121 1067 1192 ejas,
1083 1122 1222 1195 quierint
1236 1140 1289 1192 erc,
1306 1124 1400 1182 Patria
1413 1127 1503 1197 (loen.
1519 1126 1571 1199 vr).
1597 1127 1632 1182 ut
1651 1126 1725 1184 bene
1748 1142 1823 1198 equo

109 1213 308 1271 novissimum
325 1213 429 1269 uidens
442 1212 539 1269 locum
554 1211 687 1285 elegisse,
702 1212 798 1267 dicere
815 1211 886 1268 mihi
899 1211 942 1267 li·
996 1212 1100 1268 sedens
1116 1207 1309 1286 niveo'regem
1324 1230 1392 1270 sum
1417 1215 1585 1281 comitatus,
1611 1215 1688 1286 quod
1712 1215 1822 1272 Christi

110 1309 222 1378 gnatus
236 1309 282 1361 est
298 1320 306 1360 τ
323 1304 433 1374 Amice,
448 1302 564 1359 ascende
577 1304 703 1372 capenae
718 1303 795 1373 (tac.
814 1299 884 1372 ιιι).
903 1301 941 1359 De
996 1299 1119 1373 vestigia
1133 1317 1219 1359 nemo
1235 1303 1319 1374 sequi
1334 1303 1390 1360 erit
1404 1304 1538 1371 idoneus,
1559 1303 1616 1361 nisi
1633 1320 1710 1374 eom,
1732 1321 1822 1377 quam

111 1394 322 1467 quaeJusego
348 1391 499 1449 vocatione
525 1409 582 1447 non
609 1391 639 1447 in
663 1391 777 1456 timore,
802 1390 852 1447 sed
875 1406 943 1447 cum
998 1392 1467 1466 perequumeandidumdgurari
1478 1392 1674 1463 prediximus,
1684 1391 1826 1467 baptismi

110 1486 251 1552 tremore,
264 1487 297 1539 nt
308 1483 452 1556 scriptum
463 1481 605 1552 cstll'sot.
620 1483 664 1549 u),
690 1479 852 1549 exsultans,
875 1495 943 1553 gra·
999 1481 1123 1552 gratiam
1137 1481 1223 1537 luerit
1233 1487 1418 1540 consecutus.
1431 1482 1575 1538 Palatium
1587 1488 1697 1555 autem,
1709 1483 1824 1558 iuqaod

112 1572 208 1629 datim
226 1571 266 1629 ad
280 1571 397 1628 ordines
413 1570 570 1627 canonicos
586 1569 714 1636 ascendi,
731 1569 823 1626 donee
844 1570 879 1625 ad
896 1585 945 1626 aa·
1000 1583 1068 1625 eum
1081 1574 1199 1626 secutus
1214 1586 1293 1642 sum,
1304 1570 1399 1628 locum
1411 1572 1609 1629 conversionis
1619 1589 1688 1629 mea
1700 1574 1826 1630 arbitror

114 1655 946 1731 cerdotalisexcellentiedignitatemperveni.'l'uneitaque
1000 1658 1161 1730 designare.
1174 1659 1206 1715 ln
1220 1676 1277 1732 quo
1289 1660 1425 1717 nimirum
1437 1659 1608 1718 olorinorum
1620 1666 1764 1719 conventu
1775 1678 1827 1720 aaa

116 1749 214 1822 primo
228 1748 324 1805 visum
337 1752 404 1805 ants
419 1763 515 1804 meam
527 1748 743 1804 couversionem
755 1747 904 1803 somnium
916 1747 946 1804 iu
1002 1746 1201 1818 quorumlibet
1223 1748 1426 1821 religiosorum
1455 1767 1505 1824 per
1530 1751 1629 1810 orbem
1656 1750 1828 1824 regulariter

116 1839 214 1912 prima
229 1837 319 1910 hujus
335 1837 473 1911 opusculi
484 1835 577 1893 lroute
592 1837 749 1902 insertum,
765 1836 843 1909 quod
859 1835 888 1891 in
901 1852 948 1892 me
1001 1836 1157 1893 virentium
1172 1838 1305 1895 coenobia
1319 1838 1493 1912 [canobiisl
1516 1840 1588 1911 quid
1615 1840 1671 1897 nisi
1690 1841 1824 1912 quaedam

118 1928 265 1995 laturum,
285 1926 515 2001 presignaverit,
531 1924 671 1993 intellexi,
693 1925 788 1996 cuius,
811 1925 948 1998 superius
1000 1926 1110 1983 summi
1126 1926 1414 2001 Regisinsinuantur
1433 1928 1568 2001 palatia?
1590 1929 1622 1986 lu
1646 1929 1692 1985 bis
1716 1931 1824 1987 etenim

120 2017 199 2075 sicut
213 2016 346 2089 promisi,
363 2013 630 2086 interpretationem
645 2013 805 2085 explicabo.
1001 2014 1134 2073 Christus
1149 2020 1267 2089 propter
1277 2017 1342 2075 vite
1353 2017 1518 2075 caetitatem
1532 2024 1560 2074 st
1576 2017 1741 2092 religiosam
1758 2035 1826 2076 con·

121 2127 188 2181 Gne.
206 2122 274 2180 xxi.
292 2152 327 2164 -
351 2121 503 2191 Qaedtcac
521 2122 645 2188 primum
672 2120 762 2176 uisam
777 2117 807 2174 ie
826 2120 949 2190 pueraria
1000 2106 1192 2163 versationem
1209 2107 1368 2164 domestice
1379 2108 1595 2181 quodammodo
1605 2112 1633 2165 et
1644 2107 1828 2166 familiariter

157 2197 364 2264 seneclutem
380 2195 410 2249 in
425 2209 453 2249 ce
466 2192 569 2248 Christi
590 2193 684 2263 pretio
696 2191 838 2246 toraniam
857 2190 943 2247 intel·
1000 2194 1141 2252 veletren
1157 2197 1185 2251 in
1202 2212 1256 2254 eoo
1272 2196 1380 2269 palatio
1404 2198 1534 2254 ereditur
1558 2214 1610 2271 par
1633 2198 1757 2269 gratiam
1780 2198 1828 2254 in.

159 2268 230 2324 lexit
244 2277 270 2324 θ’
284 2264 410 2323 ‘um‘l‘m
424 2266 546 2337 illim?
558 2265 757 2334 mmmmm
771 2264 817 2319 ⁸²⁸²·
1001 2283 1144 2342 habitare,
1160 2290 1241 2343 lunc
1258 2294 1354 2344 autem
1370 2285 1407 2343 ed
1423 2302 1554 2343 mensam
1570 2287 1647 2359 regis
1662 2286 1827 2344 convivatui

157 2372 285 2431 Visienis
299 2373 398 2444 itaque
413 2370 614 2443 interpretatio
628 2370 688 2428 hae
703 2374 748 2426 est
763 2384 771 2425 z
797 2369 943 2426 Terrenus
1001 2387 1052 2428 rus
1068 2371 1188 2440 necessi,
1202 2375 1317 2444 quando
1332 2380 1552 2433 sacrosanctum
1568 2373 1670 2430 altarls
1691 2374 1827 2432 ministe-

125 2463 234 2534 itaquo,
259 2462 309 2533 qui
340 2460 411 2517 mibi
436 2461 582 2533 apparuit,
607 2459 777 2530 imperator,
801 2459 948 2515 coelestem
1001 2460 1090 2527 rium,
1112 2460 1179 2517 licet
1204 2462 1355 2535 indignus,
1380 2462 1507 2535 suscepi.
1534 2463 1576 2519 Ad
1602 2479 1735 2520 mensam
1761 2480 1828 2520 vero

125 2552 273 2623 significet
289 2551 403 2624 Regem,
420 2550 456 2606 de
472 2566 529 2622 quo
545 2547 710 2615 Psalmista,
729 2547 876 2617 Dominus,
891 2548 941 2603 in·
1001 2548 1112 2614 sedere,
1123 2553 1176 2614 est,
1189 2548 1326 2606 adaltare
1337 2550 1760 2608 Christibumiliteraeeedere.
1771 2551 1827 2608 Sed

123 2641 197 2714 quit,
215 2642 348 2697 virtutum
362 2640 420 2710 ipre
436 2648 474 2695 est
490 2640 546 2694 liae
559 2639 659 2710 pluria
671 2637 760 2711 (Ptol
786 2637 876 2708 ιιιιι).
897 2634 949 2692 llic
1002 2636 1091 2708 hujus
1106 2636 1230 2694 caelestis
1247 2655 1354 2695 mensa
1370 2638 1457 2711 quala
1480 2639 1516 2695 eit
1539 2639 1715 2706 convivium,
1734 2655 1825 2711 quam

123 2747 264 2803 maguum
274 2728 431 2801 quemdam
444 2726 604 2800 principem
616 2726 728 2796 hebuit,
741 2724 879 2797 angelum
892 2724 949 2781 sei·
1002 2726 1102 2783 dulces
1113 2727 1233 2797 delicia,
1245 2728 1333 2800 digne
1342 2727 1437 2784 verbis
1447 2727 1586 2799 explicari
1595 2745 1651 2785 non
1663 2734 1769 2800 potest,
1778 2729 1828 2785 sed

123 2819 191 2876 licet
205 2819 299 2888 illum,
315 2811 403 2890 quem
419 2817 450 2873 in
466 2835 526 2873 eure
542 2817 823 2872 creationisexordio
834 2813 950 2871 cunetis
1002 2814 1063 2870 hec
1079 2813 1121 2870 illi
1136 2815 1191 2871 soli
1207 2825 1359 2883 noverunt,
1375 2816 1425 2889 qui
1443 2833 1493 2890 per
1509 2817 1635 2891 gretiam
1647 2816 1697 2873 Dei
1709 2816 1834 2890 experiri

123 2910 263 2980 angelicis
281 2908 435 2979 spiritibus
446 2907 619 2963 nobiliorem
636 2905 778 2971 condidit,
793 2909 821 2961 et
835 2904 950 2961 ceteris
1003 2910 1185 2961 meruerunt.
1201 2903 1301 2969 Quale,
1319 2907 1450 2977 inquam,
1467 2905 1563 2963 ildalis
1577 2908 1617 2962 sit
1633 2905 1738 2962 anima
1759 2923 1830 2963 con-

122 2992 951 3070 omnibusangolorumordinibusprefecitonividelicet
1003 2992 1123 3062 vivian,
1140 2995 1177 3050 ad
1188 2995 1485 3052 reverendamaltaris
1496 3010 1627 3052 mensam
1638 3011 1705 3051 cum
1717 2997 1830 3068 integra

123 3093 266 3143 reretunc
279 3094 323 3142 est
335 3092 480 3153 mortuus,
492 3088 572 3153 dum,
584 3100 615 3140 se
626 3089 727 3140 contra
742 3081 832 3139 Deum
846 3098 949 3156 super·
1006 3083 1062 3139 lide
1075 3100 1141 3140 cunr
1156 3101 1224 3141 vera
1239 3084 1335 3142 cordis
1346 3084 1513 3142 bumilitate
1523 3090 1551 3141 at
1562 3084 1748 3153 contritione,
1760 3101 1828 3142 cum

123 3178 179 3233 bns
190 3178 304 3248 erigene
316 3177 378 3248 (lec.
396 3179 462 3244 xre),
476 3173 630 3244 dignitatis
640 3189 699 3228 sua
713 3172 807 3243 gloria
819 3172 947 3228 nudatus
968 3149 1119 3229 Catonern
1132 3173 1239 3231 mentis
1254 3173 1407 3231 devotione
1427 3175 1575 3240 accedere,
1600 3177 1629 3229 et
1650 3174 1679 3229 in
1704 3189 1739 3229 as
1762 3174 1829 3244 agni

123 3269 151 3320 et
167 3265 203 3320 de
219 3264 394 3336 archangelo
409 3264 542 3318 diabolus
559 3266 604 3317 cst
618 3262 750 3316 allectus.
775 3260 826 3315 Ηιο
850 3259 949 3331 itaque
1004 3262 1184 3319 immaculati
1195 3264 1266 3320 lesu
1277 3263 1384 3320 Christi
1396 3264 1534 3319 carnibus
1545 3262 1686 3336 saginari,
1697 3268 1725 3318 et
1737 3279 1833 3318 sacro·

122 3354 182 3409 lien
198 3370 298 3425 regum
316 3368 367 3425 per
381 3369 464 3409 suam
478 3367 523 3407 me
536 3350 659 3414 aratiam
671 3350 789 3405 visitare
798 3350 948 3421 dignatus,
1002 3351 1095 3406 sancti
1111 3351 1264 3423 sanguinis
1280 3354 1344 3423 elus
1355 3352 1445 3409 calice
1456 3352 1605 3419 lnebriari,
1619 3367 1705 3408 nemo
1717 3357 1748 3408 ut
1759 3351 1830 3422 dixi,

122 3441 239 3499 niueum
256 3442 328 3498 mibi
351 3458 460 3514 equum
485 3437 604 3504 obtulit,
627 3439 698 3493 dum
720 3438 846 3510 gratiam
871 3435 947 3493 sacri
1002 3438 1059 3494 nisi
1070 3448 1217 3511 expertus,
1235 3440 1382 3514 intelligit.
1399 3441 1486 3500 Porro
1502 3440 1578 3505 olus,
1593 3442 1672 3513 quod
1685 3441 1715 3497 in
1728 3457 1830 3498 mensa

121 3529 321 3602 baptismatis,
338 3546 396 3603 quo
407 3545 497 3601 super
511 3529 605 3585 nivem
617 3526 779 3594 dealbarer,
792 3526 946 3583 concessit.
1002 3529 1084 3600 regia
1098 3533 1275 3587 manducare
1290 3529 1360 3586 mibi
1374 3529 1455 3586 visus
1471 3547 1549 3600 sum,
1565 3529 1673 3587 Christi
1698 3531 1827 3587 arbitror

121 3619 252 3676 Balneum
268 3635 386 3692 quoque
403 3618 530 3686 tradidit,
548 3617 624 3689 quod
642 3616 778 3672 virtutem
793 3614 949 3671 mihilluxa
1001 3618 1155 3691 designare
1163 3617 1607 3692 Evangelium.Nameioutidem
1619 3618 1683 3675 olus
1695 3636 1730 3675 ex
1741 3620 1829 3676 variis

122 3708 219 3767 carme
235 3709 380 3765 desideria
395 3706 598 3781 restinguendi
622 3703 755 3763 contulit.
780 3706 812 3761 lu
838 3709 948 3778 septem
1003 3706 1058 3764 luit
1074 3707 1231 3764 herbarum
1248 3707 1403 3781 generibus
1418 3708 1583 3765 conlectum
1595 3727 1606 3775 ,-
1617 3706 1659 3763 ita
1679 3724 1715 3764 ex
1739 3709 1829 3766 variis

125 3797 597 3873 gravismenstedenariisrecte
619 3795 797 3866 septiformis
821 3793 948 3868 Spiritus
1002 3796 1305 3868 preceptisadvitam
1321 3802 1461 3853 eternam
1489 3795 1704 3865 pertinentibus
1725 3795 1831 3854 Christi

126 3889 203 3944 dona
216 3887 432 3960 intelliguntur,
448 3902 513 3958 qoae
527 3899 731 3959 quemcunque
742 3883 947 3954 iimpleverlnt,
1002 3889 1117 3942 constat
1133 3885 1330 3959 [evangelium.
1341 3883 1831 3956 adregaleigiturconvieiumolus

124 3993 240 4034 merum
256 3976 398 4049 gravitate
413 3981 564 4032 exornant.
576 3974 643 4042 Qui,
654 3989 719 4028 cum
729 3973 789 4042 lam
801 3988 851 4043 per
862 3972 949 4040 huius
1003 3973 1179 4040 manducare
1195 3979 1250 4045 set,
1262 3974 1443 4031 sacerdotem
1467 3973 1618 4030 Dominicc
1641 3972 1727 4029 altari
1749 3974 1826 4031 assi·

123 4066 218 4123 sancti
234 4066 363 4138 Spiritus
377 4067 453 4122 dona
467 4064 531 4120 uite
553 4063 670 4135 coperit
695 4062 848 4129 munditia,
873 4060 951 4119 velut
1003 4069 1127 4121 stentem
1144 4065 1238 4121 sancti
1261 4063 1409 4137 lirangelii
1431 4072 1574 4136 precepta
1595 4062 1719 4121 solerter
1743 4069 1847 4137 atque¹

122 4160 277 4229 argentum
289 4155 499 4219 examinatum,
512 4152 613 4219 nitere,
625 4151 827 4224 incipitetiam
838 4151 904 4207 aliis
915 4154 950 4207 de
1002 4153 1149 4211 subtiliter
1159 4152 1373 4210 considerando
1383 4152 1462 4209 velut
1473 4152 1833 4232 inorecurdisruminare‚

121 4245 174 4301 Dei
188 4261 283 4301 amore
293 4249 322 4300 et
333 4245 504 4300 vitanterna
515 4242 641 4299 suaviter
655 4241 773 4311 tinnire,
786 4240 863 4311 quod
880 4241 951 4297 bene
1004 4245 1154 4315 pensando
1178 4241 1289 4299 scilicet
1313 4258 1402 4314 qnam
1429 4241 1559 4308 humilis,
1584 4259 1674 4315 quam
1700 4243 1833 4309 devotus,

123 4333 271 4406 signilleat
287 4335 400 4406 argenti
415 4334 573 4390 sonoritas.
590 4331 670 4396 Quod
688 4335 783 4386 autern
796 4330 825 4385 hi
839 4336 949 4401 septem
1003 4349 1091 4406 quum
1115 4333 1226 4389 nitidus
1250 4333 1395 4401 castitate,
1421 4348 1509 4402 quam
1535 4331 1664 4387 fervidus
1688 4330 1831 4388 charitate

122 4423 247 4492 denarii,
273 4442 309 4481 ne
334 4425 418 4482 lacile
442 4426 633 4497 perderentur
658 4420 806 4492 marsupio
832 4422 950 4477 luerunt
1004 4423 1126 4480 existere
1140 4422 1237 4491 debet,
1252 4421 1302 4493 qui
1318 4420 1392 4477 tanti
1407 4419 1581 4477 sacramenti
1599 4419 1834 4492 mysteriumde·

121 4512 241 4580 inclusi,
264 4515 318 4570 boc
333 4514 500 4585 signillcare
522 4530 617 4584 spero,
643 4511 720 4583 quod
746 4508 852 4567 collata
877 4508 947 4566 mibi
964 4509 1101 4573 licenter
1116 4528 1134 4568 a
1149 4517 1206 4566 Deo
1230 4510 1447 4582 acceptabiliter
1473 4508 1556 4582 eupit
1584 4507 1740 4566 celebrere.
1771 4508 1833 4565 No-

122 4604 352 4660 mieerieorditer
364 4604 492 4675 Spiritus
507 4603 599 4659 sancti
624 4601 799 4656 charismate
820 4615 877 4655 non
902 4614 949 4655 me
1005 4601 1117 4657 hiscum
1134 4618 1250 4673 quoque
1265 4600 1324 4657 Rex
1339 4600 1472 4658 Christus
1489 4598 1637 4673 epulatur,
1649 4598 1727 4671 quod
1748 4598 1834 4671 spiri.

123 4690 835 4766 derelincturolderelictural,aadaddevlncenrlas
846 4705 948 4745 omnes
1003 4688 1129 4745 tualium
1147 4690 1329 4762 profectuum
1343 4699 1510 4747 nostrorum
1525 4688 1682 4746 dulcedine
1695 4689 1837 4761 pascitur-

125 4786 316 4840 tentationum
335 4782 484 4840 molestias
500 4792 526 4836 et
547 4797 669 4854 regnum
694 4780 811 4836 ooeleste
834 4796 950 4850 prome-
1006 4777 1246 4851 Dulcemquippe
1269 4777 1326 4835 sibi
1351 4779 1538 4836 relectionem
1568 4778 1599 4835 in
1623 4776 1711 4833 corde
1734 4776 1782 4848 pio
1805 4780 1834 4832 et

124 4875 248 4930 rendum
266 4888 377 4930 meeum
393 4872 453 4928 sint
470 4872 614 4927 linetenus
635 4886 837 4940 permansura.
861 4874 949 4926 Porro
1003 4866 1156 4940 obsequiis
1170 4866 1279 4924 divinis
1293 4868 1719 4941 mancipatoexisteretostator
1732 4863 1836 4936 ipsein

124 4961 160 5017 de
175 4963 229 5020 boc
246 4978 309 5019 meo
320 4967 377 5017 tam
393 4960 469 5017 leliei
485 4976 623 5017 successu
640 4959 786 5031 principes
803 4960 950 5032 indignati
1006 4956 1176 5030 Apocalypsi
1195 4972 1202 5011 ε
1219 4956 1412 5030 Εσοι,ἰιιιμιίι,
1428 4966 1469 5012 etc
1486 4956 1524 5012 nd
1538 4955 1642 5013 ortium
1657 4959 1684 5009 ct
1698 4951 1795 5025 palem
1811 4950 1838 5007 ei

123 5056 204 5122 sunt,
220 5052 298 5124 quod
316 5049 437 5122 maligni
453 5051 589 5122 spiritus,
606 5065 681 5120 quos
698 5050 800 5104 mandi
823 5053 950 5105 rectores
1004 5049 1065 5119 qula
1078 5043 1149 5101 mibi
1161 5046 1304 5108 aperuerit
1314 5046 1448 5116 januam,
1464 5046 1584 5100 introibo
1599 5042 1635 5098 ad
1650 5039 1731 5096 iliam
1746 5045 1772 5093 et
1787 5054 1838 5093 coe-

124 5140 252 5214 appellat
263 5139 420 5212 Apostolus
434 5138 542 5210 (upton.
558 5139 608 5208 vr),
625 5140 685 5193 eive
699 5137 804 5204 tadei,
822 5138 871 5209 qui
889 5155 951 5211 pro-
1004 5136 1079 5192 cribo
1093 5151 1156 5190 cum
1172 5134 1231 5200 itte,
1248 5141 1274 5191 et
1290 5136 1348 5205 ipsc
1362 5150 1470 5191 eruerem
1484 5135 1576 5205 (ipae.
1593 5129 1648 5202 ru).
1666 5127 1723 5185 Sed
1741 5141 1837 5198 neque

125 5235 190 5303 pter
204 5235 352 5302 acceptam
368 5247 384 5284 a
400 5229 457 5283 lieo
473 5226 564 5296 legem
588 5225 664 5281 inter
684 5230 801 5281 crateras
816 5228 873 5283 sibi
897 5245 951 5285 ua·
1005 5226 1059 5283 abs
1075 5226 1168 5280 mbae
1181 5240 1245 5280 esse
1258 5223 1426 5296 puto,quod
1441 5220 1588 5278 eneadem
1602 5216 1674 5274 mihi
1690 5231 1755 5272 cum
1767 5230 1836 5284 rego

126 5318 220 5375 tiones
228 5320 424 5390 principatum
435 5319 626 5385 usurpabant,
639 5312 745 5370 Christi
757 5330 803 5368 me
815 5317 951 5388 gratiam,
1006 5313 1130 5371 seutella
1144 5312 1225 5369 visus
1240 5330 1305 5369 eum
1323 5313 1513 5369 manducare.
1524 5308 1588 5367 Una
1603 5308 1703 5380 itaqua
1713 5304 1839 5363 scutella

125 5423 183 5478 qua
198 5407 254 5478 ipsi
271 5407 384 5480 indigni
409 5414 503 5473 erant,
528 5403 672 5460 meruisse
692 5401 868 5460 inviderunt.
896 5405 951 5463 Sed
1007 5401 1155 5460 catholice
1167 5401 1551 5472 lideisigniflcatunitatem.
1564 5400 1602 5456 De
1614 5412 1750 5470 unaergo
1771 5412 1837 5453 scu·

123 5511 178 5568 ego
198 5497 290 5553 nitido
305 5496 354 5552 illo
381 5496 487 5561 balteo,
513 5495 541 5549 id
567 5497 612 5550 ast
637 5490 826 5547 continentiae
848 5493 953 5552 rubore
1007 5491 1151 5550 tollantus
1161 5506 1228 5547 eum
1239 5489 1498 5558 christocomedit,
1509 5486 1647 5561 quisquis
1657 5487 1725 5559 elus
1735 5500 1840 5557 coope-

125 5584 307 5660 precinctus,
323 5600 398 5659 equo
414 5585 493 5658 regio
504 5582 609 5654 insedi,
621 5580 700 5654 quod
711 5580 803 5653 gratia
814 5581 953 5655 baptismi
1008 5586 1090 5642 rante
1103 5580 1197 5656 gratia
1211 5581 1306 5639 saneti
1321 5578 1468 5652 Evangelii
1495 5584 1640 5654 precepta
1663 5578 1694 5635 iu
1721 5579 1837 5636 unitate
