3950 6034
214 268 275 330 163
762 256 935 321 aurnum
957 249 1122 316 sautum
1142 242 1369 312 nutrientis
1856 237 1917 303 tot
1973 287 1974 306 r

217 401 268 458 sed
285 400 373 474 cmpit
389 403 570 458 contiacum
587 393 709 463 bellum,
725 390 876 448 etidcirco
892 390 968 446 Deus
989 404 1043 460 op-
1057 394 1081 461 A
1099 397 1215 440 cessum
1226 378 1332 437 salutis
1341 375 1563 450 consequendo,
1576 374 1736 446 subjunxit:
1750 375 1782 429 ill
1791 373 1830 431 od
1836 375 1919 447 ogni·

219 491 453 564 pugnantem,
468 493 498 543 et
511 484 658 557 percussit
672 498 758 539 omna
770 480 848 553 quod
871 495 906 535 ex
923 477 974 534 illo
994 481 1040 533 est
1097 475 1202 531 tionem
1217 469 1344 528 ueritmis
1359 469 1452 526 conire
1466 464 1570 539 (iria).
1583 465 1640 521 Sed
1657 463 1807 523 dicimNon
1825 467 1921 522 ornni·

217 578 490 653 genushumancm
507 578 536 631 in
556 589 606 631 cre
635 572 735 646 gladii,
764 572 793 625 id
819 574 864 626 est
892 566 1039 625 sententia
1093 554 1916 629 busdattacultetemagnoscendevocitatis.Nequesnim

221 655 1038 730 mortis.Futurumautemerututrureusexpugnaretiu
1095 643 1915 715 omneshominesvecumlteumsectquemmisrttesum
1973 709 1974 724 χ

217 745 1039 827 novissimomugniJudicridieuniversammundrhujus
1093 742 1243 798 Christum
1259 739 1326 794 lecit
1341 751 1511 810 agnoscere.
1527 733 1628 790 Multis
1653 734 1733 791 illum
1758 739 1914 792 veritatem
1973 785 1974 794 ,

214 850 443 916 civitatem,cum
453 845 583 917 principe
594 841 817 914 ojcodiaboloet
829 836 1038 911 angelisillius.
1094 828 1257 887 abscondit.
1272 826 1422 893 Quomodo
1432 840 1502 898 ergo
1514 824 1651 880 illosvnlt
1660 822 1810 879 autvotuit
1820 823 1918 881 salvos
1973 845 1974 850 ¹

216 937 327 993 Rursus
338 950 405 1008 ergo
417 936 540 990 accessit
551 930 790 1006 primumotlerre
800 926 1039 1000 paoeru,mittecs
1094 920 1158 975 lteri
1168 918 1183 974 ‘i
1195 918 1326 974 Dicimus
1341 918 1378 971 ad
1394 913 1457 970 hmo
1472 930 1480 969 :
1496 915 1569 981 Quis
1580 913 1681 970 multis
1696 915 1918 985 parcendoubs·

216 1026 321 1082 Filium
337 1041 425 1081 suum
441 1023 470 1079 in
487 1023 567 1078 hunc
582 1021 725 1078 mundum
755 1035 805 1090 per
826 1015 1040 1073 iucarnationis
1094 1009 1203 1075 condit,
1220 1005 1357 1062 videlicet
1370 1020 1407 1060 ne
1421 1004 1539 1074 cognito
1557 1003 1664 1060 veritus
1678 1003 1819 1075 gravioria
1835 1002 1919 1059 floret

218 1116 403 1188 mysterium,
418 1113 470 1185 qui
487 1129 538 1185 per
552 1126 666 1167 crucem
683 1109 860 1164 interficeret
871 1104 1040 1160 inimicitias
1094 1099 1137 1156 eis
1152 1113 1243 1154 causa
1254 1095 1370 1166 judicii.
1389 1093 1461 1151 Nam
1481 1093 1587 1149 melius
1610 1098 1656 1149 est
1682 1092 1833 1149 raritatem
1858 1109 1916 1150 non

215 1206 246 1260 in
259 1206 429 1276 semetipso,
442 1207 472 1257 et
482 1216 565 1257 suam
577 1214 668 1271 prona
679 1195 880 1253 misericordia
886 1193 1040 1265 postulans
1095 1201 1266 1261 agnoscere,
1281 1200 1370 1258 quam
1385 1189 1454 1256 post
1467 1182 1596 1256 cgnitum
1625 1187 1786 1238 retrorsum
1810 1183 1917 1239 redire.

216 1292 328 1365 suscipi
344 1306 457 1364 pacem,
474 1305 532 1347 sue
547 1304 598 1361 per
614 1286 757 1344 mundum
772 1283 886 1341 cunctis
900 1281 1039 1355 gentibus
1093 1276 1177 1335 Tales
1193 1281 1274 1332 crant
1288 1274 1333 1330 rel
1345 1289 1409 1330 esse
1424 1273 1604 1345 incipiebant
1619 1270 1672 1336 illi,
1682 1272 1790 1344 quibus
1801 1272 1919 1329 dicebat

218 1379 299 1451 pacis
318 1377 398 1433 arisit
416 1376 603 1448 legationem.
619 1373 701 1430 Unda
715 1369 1040 1444 accendendorum
1093 1367 1130 1422 de
1143 1366 1265 1439 AEgypto
1277 1361 1405 1437 egressis
1419 1361 1449 1417 in
1466 1377 1553 1417 manu
1573 1359 1696 1433 potanti,
1707 1375 1759 1434 per
1768 1375 1859 1432 quam
1869 1360 1918 1416 ha·

214 1467 336 1542 onmem,
352 1466 459 1538 inquit,
476 1466 545 1520 uem
557 1466 617 1520 erot
630 1462 778 1519 inclinato
790 1457 924 1515 mundum
939 1472 1038 1514 recon-
1094 1455 1239 1526 bonejam
1256 1457 1406 1526 coeperant
1424 1451 1557 1507 notitiam
1583 1450 1714 1507 vocitetis
1729 1465 1737 1507 ι
1759 1450 1820 1506 Non
1839 1449 1918 1506 eninr

215 1556 321 1614 cilium
331 1554 397 1618 sili,
412 1571 467 1611 non
483 1558 613 1625 reputans
621 1550 679 1608 iltis
689 1550 795 1607 delicto
806 1551 939 1621 ipsorum,
954 1553 981 1603 et
989 1563 1038 1619 po·
1093 1545 1240 1602 occentum
1253 1551 1353 1611 tecum,
1368 1544 1437 1615 puio
1451 1541 1568 1613 poputru
1582 1540 1658 1596 dure
1681 1541 1794 1596 ceruicis
1818 1554 1858 1607 es,
1883 1555 1919 1596 ne

221 1648 276 1702 cuir
286 1644 317 1700 in
330 1643 409 1700 notis
427 1644 541 1699 vertum
565 1637 818 1698 reconciliationis.
836 1644 892 1694 Pro
914 1637 1037 1706 cirino,
1091 1639 1164 1710 {orte
1176 1635 1333 1708 disperdam
1346 1638 1372 1690 to
1389 1633 1421 1691 in
1433 1635 1480 1690 oio
1493 1631 1588 1705 (deod.
1603 1632 1697 1706 mv).
1713 1631 1812 1703 Neque
1836 1631 1917 1687 enim

220 1748 301 1807 ergo,
316 1733 452 1805 tepotione
462 1729 619 1803 fungimur,
642 1734 776 1801 tuaquom
799 1729 853 1784 Deo
875 1724 1039 1783 exhortante
1054 1771 1079 1837 B
1094 1725 1256 1782 incolumen
1271 1723 1438 1780 subsistunt
1451 1739 1518 1779 cum
1530 1723 1639 1795 quibus
1654 1721 1731 1777 Deus
1742 1737 1800 1776 non
1811 1736 1919 1777 ascon-

215 1841 266 1897 μιν
279 1839 337 1881 nos.
351 1823 525 1880 obsecremus
539 1836 589 1893 pro
606 1818 723 1887 Christo,
740 1817 960 1875 reconciliamini
975 1816 1037 1874 Deo.
1094 1816 1147 1883 dit,
1162 1816 1213 1872 sed
1225 1813 1320 1871 multo
1333 1812 1450 1887 gravius
1465 1811 1715 1885 disperdunturhi
1726 1827 1794 1868 cum
1805 1811 1918 1881 quibus

216 1916 288 1970 Eum
302 1914 351 1985 qui
365 1927 420 1970 non
436 1923 550 1967 norerot
564 1920 715 1982 peccorum,
729 1906 876 1981 pronubis
897 1912 1039 1980 peceatum
1091 1910 1169 1962 Deus
1184 1904 1358 1970 ascendens,
1373 1903 1402 1958 id
1419 1908 1464 1959 eal
1479 1900 1613 1958 notitiam
1628 1899 1760 1957 veritatis
1780 1901 1917 1971 prebens

214 2005 294 2074 serit,
310 2010 340 2058 ut
353 2016 403 2057 nor
417 1999 714 2072 efficeremnrjurtirio
738 1996 786 2053 liei
804 1998 922 2069 inipso.
952 1996 1038 2067 Adju·
1091 1987 1915 2065 contemnituratqueabjicltorrebellioneduroecervicis.

218 2096 316 2148 cuntes
330 2099 421 2147 ouum
435 2091 590 2154 hortamur,
604 2105 641 2145 ne
660 2089 691 2144 in
714 2102 832 2143 nocuum
853 2087 977 2158 proriam
990 2086 1040 2141 liei
1393 2077 1510 2136 CAPUT
1524 2078 1600 2137 Xlll.

208 2183 358 2254 recipiatis
372 2182 410 2254 (ll
427 2182 488 2238 Cor.
510 2196 537 2251 v,
555 2184 605 2250 vr).
1095 2172 1170 2243 Quod
1192 2172 1283 2228 antino
1297 2170 1406 2252 luisset,
1416 2184 1478 2251 ,non
1490 2169 1648 2251 cognouisse
1662 2171 1815 2237 cenicum,
1830 2183 1917 2239 quom

532 2269 647 2327 ccum·
661 2268 722 2325 xli,
1257 2250 1396 2313 monetom
1409 2257 1441 2296 sn
1458 2241 1598 2309 iniustitia
1612 2240 1746 2296 detinere.

224 2362 374 2418 corumpi,
398 2360 448 2417 03,-
473 2376 542 2424 mc,
575 2369 605 2415 με
623 2375 716 2415 ,mm
730 2357 868 2430 ,wippam
893 2372 990 2429 „mm
1014 2361 1040 2414 ά
1134 2333 1327 2390 ltxcnsarcse
1341 2335 1491 2402 utcunque
1506 2344 1594 2402 posse
1617 2329 1765 2386 videretur
1788 2329 1922 2386 hnmana

251 2433 397 2489 solventur
407 2451 415 2502 3
427 2433 507 2488 duret
520 2430 637 2487 coronis
652 2446 708 2485 non
721 2430 862 2497 accedere,
877 2445 933 2486 cmo
943 2430 1040 2499 econi-
1092 2421 1294 2488 romaricensi
1306 2421 1405 2477 nonin
1419 2419 1552 2491 pluribus
1563 2423 1632 2476 ncta
1641 2419 1922 2491 existerentexperi·

251 2507 309 2560 'tim
325 2505 373 2560 ⁰⁶5
387 2502 606 2560 mtisstfwmi'ssm
626 2503 754 2571 abiicere.
1093 2516 1202 2568 mente.
1219 2511 1303 2566 Dedit
1316 2509 1395 2566 enim
1412 2508 1589 2582 quibusdam
1605 2507 1682 2564 Deus
1693 2508 1829 2564 notitiam
1840 2509 1925 2564 veri·

250 2593 329 2651 Dicit
345 2594 444 2665 itaque
459 2591 509 2649 illa
526 2592 571 2648 lex
585 2592 659 2649 Dei:
675 2591 706 2647 Si
731 2606 830 2663 pocrm
853 2593 988 2663 receperit
1014 2601 1041 2647 et
1092 2600 1174 2668 tntis,
1186 2615 1242 2656 non
1254 2596 1574 2666 dicotcntumtudreis,
1585 2597 1636 2656 ssd
1648 2597 1923 2669 etiamgcntilibus,

217 2684 362 2757 operuerit
376 2683 431 2739 tibi
444 2693 547 2755 porros,
563 2687 677 2738 cunctus
689 2681 807 2753 populus
822 2684 871 2754 qui
891 2682 923 2737 in
947 2695 979 2736 eo
1002 2688 1042 2737 ert
1093 2690 1281 2761 maximoque
1296 2687 1449 2760 gentilium
1466 2686 1661 2760 philosophis.
1677 2691 1707 2744 et
1728 2686 1832 2742 notitia
1854 2686 1925 2760 ipsa
1973 2687 1974 2700 ¹

216 2771 381 2840 latiatim&
395 2780 421 2825 ⁶⁸
435 2772 532 2826 serviti
545 2768 596 2824 ¹5⁶²
610 2770 660 2826 ”lb
675 2769 781 2824 ‘libum
791 2770 879 2839 (ΒΜ
893 2772 949 2839 ¹·il·
962 2768 1040 2824 ⁶⁰¹¹·
1098 2778 1242 2851 gravioris
1257 2779 1307 2833 iro
1323 2778 1382 2833 illis
1397 2776 1511 2833 occasio
1528 2775 1595 2831 tuit.
1610 2774 1682 2831 Nem
1709 2775 1767 2847 ipsi
1787 2777 1922 2845 luerunt,

220 2869 297 2932 otus,
315 2864 446 2934 inquam,
462 2861 588 2935 populus
603 2866 635 2917 ut
650 2859 788 2927 salvetur,
805 2860 829 2916 si
845 2875 945 2932 pacem
962 2875 1041 2916 roco·
1093 2863 1666 2939 dcquibusjamdictusApcstolusdicir
1677 2865 1928 2921 :lleuelotnrenina

218 2955 304 3025 perit,
317 2952 476 3009 voluntatis
486 2957 534 3007 cst
549 2951 598 3007 Dei
610 2951 671 3022 qui,
687 2956 719 3005 ut
732 2951 774 3006 cit
790 2948 947 3021 predictos
961 2951 1041 3022 Apo·
1093 2959 1136 3013 irc
1150 2955 1198 3013 Dei
1211 2955 1245 3011 de
1258 2954 1328 3011 emto
1336 2970 1418 3026 super
1426 2968 1534 3011 omnem
1541 2954 1709 3025 impietatem
1719 2954 1928 3026 etiniustirium

218 3041 324 3106 stolus,
340 3041 398 3097 vult
410 3057 502 3096 vmutt
517 3039 644 3095 imminet
657 3040 747 3095 mittit
767 3038 830 3109 fieti
850 3039 873 3110 (Ι
897 3040 967 3096 Tim·
995 3038 1040 3112 1¹),
1099 3048 1257 3110 lominum,
1272 3060 1366 3101 eornm
1376 3045 1426 3116 oni
1440 3046 1583 3100 ueritatem
1593 3043 1642 3099 liei
1657 3041 1686 3098 in
1698 3042 1926 3109 iniustitiodeti-

217 3129 242 3186 si
258 3135 354 3186 tomen
371 3134 400 3185 ei
414 3129 469 3201 ipsi
486 3144 587 3200 pacem
600 3127 645 3184 vel
668 3127 794 3184 sulutem
819 3128 884 3199 ejus
909 3127 1036 3200 recipere
1056 3136 1169 3204 Cnent,
1185 3136 1252 3206 quio
1268 3133 1338 3204 quod
1352 3137 1492 3188 nolnmert
1504 3133 1795 3201 promuntunum
1806 3133 1923 3189 inillis.

167 3297 170 3306 1
216 3220 319 3276 velint.
334 3220 382 3277 Sic
397 3220 475 3275 euim
491 3219 653 3274 seeundum
689 3217 745 3274 hou
768 3218 880 3273 dictum
893 3216 1036 3289 Apostoli,
1093 3220 1485 3280 Demenimitlicreuetouit.
1510 3220 1666 3278 inuisibilia
1688 3221 1766 3276 enim
1786 3221 1881 3292 ipsius
1905 3239 1925 3278 u

217 3306 928 3379 bootusnmbrosioaalttl2lsVuttlteusornnes
948 3306 1037 3361 domi·
1090 3322 1221 3370 creatura
1233 3311 1343 3380 muniti,
1357 3326 1408 3380 per
1422 3326 1455 3366 ec
1484 3327 1543 3382 qnae
1570 3314 1644 3380 taem
1673 3320 1749 3377 runt,
1776 3309 1924 3367 intellecta

216 3398 364 3456 necroloos
377 3399 449 3467 neri,
471 3398 518 3454 sed
545 3398 572 3453 ci
598 3397 731 3453 accedunt
754 3397 790 3452 od
812 3413 886 3453 eum.
915 3396 972 3451 lion
997 3398 1038 3452 rie
1090 3402 1311 3471 conspiciuntur,
1326 3402 1494 3471 sempiterno
1509 3415 1615 3472 quoque
1630 3402 1792 3472 virtusejus
1807 3399 1924 3457 etdioi·

215 3487 284 3554 uult,
300 3495 331 3542 ut
346 3488 470 3543 nolentes
484 3487 633 3554 solventur,
644 3486 691 3540 sed
706 3486 766 3542 uult
780 3486 842 3542 illos
856 3486 999 3554 colemini
1011 3493 1037 3541 et
1089 3493 1176 3559 cuca,
1192 3493 1233 3547 ica
1246 3499 1277 3547 nr
1288 3489 1345 3546 rint
1355 3488 1568 3558 memoraliter,
1579 3493 1645 3560 quio
1655 3505 1717 3545 cnm
1726 3491 1926 3563 cognovissent

215 3575 272 3649 ipsi
281 3576 375 3633 uelint.
387 3577 457 3633 liam
475 3577 571 3647 ratique
586 3577 636 3647 qui
658 3574 815 3631 hominibus
839 3575 926 3647 legem
950 3575 1035 3633 dedit.
1091 3582 1188 3649 Deum,
1208 3596 1264 3636 non
1279 3579 1349 3636 sicut
1365 3579 1450 3636 Deum
1471 3577 1711 3651 glorificaverunt,
1735 3585 1784 3635 ont
1808 3583 1926 3648 cretius

215 3667 324 3723 nullum
337 3664 444 3738 excepit
457 3683 475 3722 o
488 3666 585 3721 solute
597 3664 925 3737 Nunquidnonmedious
936 3664 1036 3722 idcirco
1090 3679 1204 3743 eperum
1221 3669 1307 3740 (Rom.
1324 3668 1355 3738 ι),
1372 3673 1427 3723 eto.
1445 3665 1547 3722 Nonne
1570 3665 1673 3723 melius
1697 3668 1792 3724 iuerat
1820 3674 1924 3726 Deum

213 3757 341 3827 proponit
356 3756 385 3809 in
400 3753 521 3826 publico,
533 3752 691 3810 utcrtendot
701 3769 836 3810 omnccse
850 3753 921 3809 celle
932 3770 1037 3809 sonore
1089 3775 1147 3815 nnn
1164 3772 1348 3829 cognoscere,
1364 3771 1453 3827 quarn
1472 3757 1624 3828 cognitum
1642 3772 1700 3813 non
1714 3756 1791 3811 sicut
1818 3756 1921 3814 Deum

213 3848 241 3904 si
250 3844 486 3917 tomenudaepris
496 3843 685 3915 requiratur?
695 3843 748 3899 Sed
758 3842 1037 3915 quiolraecmedicino
1090 3846 1264 3921 glorificare,
1280 3849 1332 3902 aut
1346 3844 1455 3916 gratias
1468 3843 1579 3917 ageret
1593 3843 1673 3909 Quod
1690 3845 1715 3900 si
1731 3845 1798 3918 quis
1814 3846 1922 3904 adhuc

213 3952 270 3993 non
285 3946 322 3991 est
335 3934 495 4006 corporolia,
510 3932 733 4005 conspirituales,
748 3948 834 4006 neque
856 3932 951 3990 dubiis
971 3950 1036 4006 pro·
1090 3936 1185 3993 dicere
1201 3937 1327 3991 nudent:
1345 3934 1408 3991 Non
1424 3950 1477 4007 ego
1492 3935 1639 4004 ejusmodi
1655 3935 1790 4002 inissem,
1815 3936 1872 3993 sed
1894 3937 1924 3994 si

219 4026 287 4096 ficit,
299 4039 384 4095 neque
398 4023 514 4078 incido.
531 4021 608 4078 Fides
622 4024 698 4078 enim
710 4029 750 4078 est
763 4037 824 4094 pue
838 4023 889 4077 dot
906 4024 1034 4089 solerem,
1089 4025 1181 4082 Deum
1193 4023 1647 4097 cognovissem,egosicutDenm
1655 4022 1922 4097 glorificavissem,

214 4130 299 4185 quum
311 4112 370 4167 nisi
383 4126 459 4167 mens
472 4113 529 4166 toto
539 4111 681 4166 uoluntate
694 4110 855 4179 emceperit,
872 4127 927 4167 non
946 4113 1034 4167 cotum
1089 4119 1117 4170 et
1127 4112 1236 4187 gratias
1247 4114 1384 4182 egissem,
1396 4112 1494 4168 redeat
1504 4111 1541 4167 ad
1552 4111 1761 4169 conscientiam
1776 4129 1879 4182 suurn,
1891 4124 1926 4173 ot

214 4201 289 4259 ninii
302 4200 438 4273 proderit,
454 4198 500 4254 ced
514 4201 541 4255 et
555 4197 1035 4270 utericdtenirngrntiolroncdolel
1087 4203 1184 4259 rideat
1195 4201 1220 4257 ei
1237 4200 1411 4273 quantulam
1427 4200 1530 4257 habuit
1544 4201 1677 4257 notitiam
1694 4204 1837 4269 veritatis,
1850 4220 1926 4261 sor·

211 4294 379 4364 potestatem,
395 4293 424 4345 ut
434 4288 535 4345 deuotis
550 4287 737 4343 sibidiuinum
750 4287 1033 4363 insundmmedelom,
1089 4294 1175 4361 navit,
1191 4297 1220 4348 ct
1234 4290 1396 4347 secundum
1412 4289 1493 4347 illam
1509 4291 1589 4348 vixit.
1606 4292 1696 4348 Nemo
1712 4291 1789 4347 enim
1806 4301 1850 4348 cat
1862 4297 1926 4369 qui

211 4380 346 4438 indevotis
361 4395 422 4436 uero
437 4380 564 4450 conteret
575 4377 710 4445 mortum,
723 4382 943 4452 parmenionis
955 4380 1033 4438 lromc
1088 4398 1145 4438 non
1157 4381 1262 4436 saltem
1288 4378 1432 4435 naturalia
1457 4379 1529 4451 legis
1554 4380 1703 4437 veritatem
1729 4386 1927 4454 cognoverit,

209 4471 336 4528 intereat.
350 4468 413 4525 Non
427 4483 496 4539 ergo
510 4466 573 4522 vult
589 4474 664 4522 Deus
681 4465 793 4524 mnium
809 4467 884 4536 ilari,
899 4472 949 4525 aed
971 4470 1033 4526 vult
1088 4487 1146 4544 qua
1162 4470 1270 4526 dicitur
1285 4485 1292 4523 ε
1310 4468 1385 4536 Quod
1396 4468 1450 4524 titi
1463 4484 1519 4524 non
1536 4471 1576 4523 nir
1590 4467 1667 4539 fieri,
1683 4468 1737 4526 olii
1754 4487 1788 4524 ne
1812 4474 1929 4542 seceris

209 4564 328 4615 econtra
343 4554 802 4613 omneshomiccsamalosalvos
813 4556 1033 4615 lleriEtsiam·
1089 4558 1161 4633 (lot.
1177 4557 1227 4630 ιν).
1242 4558 1290 4612 Ait
1305 4562 1403 4612 nutam
1419 4556 1481 4626 ipse
1495 4555 1639 4613 Dominus
1655 4573 1662 4613 ι
1679 4560 1737 4628 Qut
1755 4562 1785 4614 in
1806 4562 1930 4621 modico

209 4647 288 4720 plius
298 4646 417 4717 quaeris,
427 4644 528 4699 dicens
539 4644 674 4715 curquod
684 4644 745 4700 vult
756 4645 1032 4712 noniaoit,dicimus
1087 4649 1208 4719 infidelis
1221 4649 1270 4713 ert,
1286 4650 1312 4702 et
1328 4647 1358 4701 in
1371 4646 1475 4714 moiore
1490 4647 1602 4719 iniquus
1614 4653 1657 4703 est
1671 4647 1749 4719 (coc.
1772 4649 1831 4720 ιι).
1858 4651 1931 4717 Oui

209 4735 365 4807 quiacircu
376 4731 489 4789 nullum
501 4732 651 4789 hominem
663 4733 1031 4792 desinitadhibsreinstru-
1084 4753 1153 4809 ergo
1170 4738 1244 4793 hanc
1259 4735 1410 4791 veritatem
1427 4734 1628 4792 observavitet
1640 4737 1758 4793 relictus
1768 4743 1826 4807 est,
1837 4755 1926 4799 con.

208 4823 438 4893 mentumthus
448 4839 507 4878 sure
516 4821 890 4896 voluntatis‚prootcuique
900 4824 1029 4898 expediri
1084 4830 1225 4898 queratur
1240 4824 1317 4896 quod
1342 4827 1449 4895 negata
1472 4823 1511 4879 sit
1530 4823 1586 4881 sibi
1607 4824 1712 4882 notitia
1730 4826 1791 4882 reri
1813 4829 1866 4885 Dei
1888 4842 1932 4891 et

204 4912 359 4986 conspicit.
375 4911 524 4979 Quomodo
540 4912 618 4967 enim
634 4910 679 4967 vel
693 4927 745 4984 per
759 4911 829 4983 quid
853 4912 969 4969 venitur
992 4912 1029 4969 nd
1083 4911 1258 4979 dicatzouic
1268 4911 1292 4967 si
1304 4912 1502 4985 cognovissem
1513 4913 1725 4986 glorificassem
1737 4918 1929 4988 cotgratiae

201 5003 339 5070 satutem,
355 5001 414 5058 nisi
430 4999 623 5071 perennitatis
637 4999 842 5073 agnitionem?
866 5000 939 5056 Nam
964 5002 1029 5073 ipsa
1084 5002 1224 5075 egissem.
1240 5001 1270 5057 Si
1283 5016 1339 5057 non
1353 5002 1528 5067 observarit,
1540 5003 1774 5062 obstructumest
1784 5021 1819 5062 os
1829 5009 1928 5082 ejus,
1973 5019 1974 5022 ’

200 5087 1026 5160 VeritesdicitinEvangelio:tlaecestoutemuilomterno,
1083 5093 1117 5145 ot
1131 5105 1188 5145 non
1201 5090 1327 5159 imputat
1342 5093 1398 5147 lteo
1411 5092 1488 5163 quod
1506 5108 1565 5148 non
1585 5093 1712 5150 revelata
1726 5095 1764 5150 sit
1780 5096 1837 5152 sibi
1854 5113 1932 5157 no-
1973 5127 1974 5130 ι

202 5182 237 5239 ul
251 5196 411 5255 economum
427 5187 452 5235 tc
467 5179 557 5234 solnm
567 5194 659 5234 oerum
673 5184 772 5242 Deum,
787 5185 815 5234 et
829 5194 910 5249 quem
920 5177 1027 5234 nriristi
1080 5177 1145 5234 titia
1159 5178 1300 5244 veritatis,
1317 5183 1350 5233 ut
1361 5185 1460 5250 posset
1471 5178 1569 5236 salvus
1581 5181 1654 5251 lieri,
1669 5185 1823 5255 atquciste
1833 5203 1933 5259 qno-

200 5274 293 5329 iesum
304 5269 442 5328 Christum
453 5268 545 5339 (loon.
560 5268 641 5341 xvir).
655 5267 764 5323 idcirco
775 5267 852 5324 idem
865 5266 1025 5337 apostotus
1079 5282 1135 5339 quo
1150 5266 1236 5322 modo
1252 5266 1414 5338 completur
1428 5269 1506 5340 quod
1523 5269 1667 5341 scriptum
1683 5277 1729 5326 est
1745 5274 1800 5330 :lit
1815 5277 1935 5339 vinca,

198 5356 677 5428 cumdinissetconionltomner
700 5355 823 5412 homines
843 5357 933 5412 coloes
959 5356 1023 5424 lieri
1076 5354 1389 5427 compatientium.
1406 5356 1645 5431 c),neqneenim
1672 5358 1768 5416 rcielii
1801 5373 1931 5443 polest,

200 5448 225 5517 (t
240 5449 306 5502 Tim.
322 5448 365 5518 ιι),
380 5443 1020 5515 continuoquesiquarercsmodumsiveac·
1077 5446 1148 5520 quin
1163 5445 1200 5502 do
1214 5443 1274 5500 Deo
1288 5445 1405 5501 dicatur
1419 5445 1574 5506 verissimo
1588 5448 1659 5520 quia
1672 5448 1732 5505 uult
1747 5464 1847 5511 umnec
1859 5453 1932 5530 ιο,

240 5563 294 5633 (lt)
307 5564 336 5619 S.
353 5561 440 5619 amb.
455 5562 617 5617 comment.
634 5559 665 5616 in
681 5560 772 5632 apici.
788 5560 875 5634 prim.
892 5563 927 5621 ad
944 5565 1022 5625 Tim.
1038 5579 1101 5639 cap.
1119 5581 1149 5634 n,
1164 5577 1241 5620 cors.
1257 5562 1284 5632 t,
1300 5561 1409 5620 Patrai.
1434 5561 1515 5620 'lom
1531 5562 1616 5622 xvii.
