3950 6034
98 276 157 336 lbi
749 278 840 342 'il'l'n
867 281 898 340 S.
922 277 1160 343 Beneuenti.
1757 285 1817 347 m

100 408 200 475 modu,
217 410 315 482 quibus
330 411 390 482 ianr
405 413 477 479 dixi,
491 415 570 470 stede
582 413 634 470 tibi
646 413 756 487 estisne
767 414 929 484 perititiam:
945 424 973 492 Α
988 415 1249 486 utererqueidnneas
1259 428 1315 486 ηις
1328 422 1415 491 siqua
1424 418 1652 479 itadiveraorum
1661 422 1818 495 qualitates

101 499 134 555 de
159 503 211 556 isto
235 515 329 557 notem
357 504 467 560 bomine
495 504 648 561 eoneruanis
677 511 824 560 necessitas
847 505 930 576 mern
985 507 1817 578 perpendendo‚eollicitudinemausurinvicemanlrclnnde

98 593 211 660 {actara
224 597 275 656 ert,
291 605 321 646 nt
337 596 364 646 cl
374 593 432 665 ipse
447 596 523 649 nium
538 594 674 651 aniversae
689 593 933 664 corniciam-elic-
986 595 1185 651 conl'erebant.
1199 599 1232 652 dt
1246 596 1294 653 ille
1306 598 1484 669 prophetico,
1498 599 1598 668 etjam
1613 604 1816 673 supradictum

101 684 159 735 tar.
176 680 289 735 llorere
299 686 371 737 einim
387 683 464 754 quia,
481 685 654 754 portabilem
665 701 767 756 meram,
780 686 931 741 tuumnon
985 690 1041 754 est,
1058 687 1220 756 praedootus
1237 687 1341 758 spiritu
1359 703 1366 743 τ
1383 688 1475 761 Neque
1488 688 1582 754 illisne.
1599 691 1706 762 iuquit,
1728 708 1817 767 raeque

98 775 214 841 perupet
223 787 360 827 annorum
369 774 553 830 contentum.
987 773 1073 840 banc,
1088 791 1167 846 quem
1177 780 1280 844 petatis
1293 776 1358 842 cael
1370 778 1558 847 Prtteprtnom
1571 779 1706 837 babebitis
1716 785 1820 854 episto.

391 863 508 919 CAPUT
528 864 636 923 XXXll.
985 879 1062 936 pum,
1078 869 1104 921 et
1118 865 1165 920 liic
1179 867 1210 920 in
1220 863 1274 921 leuc
1287 866 1410 923 Ecclesia
1423 867 1732 940 pontificatuaostiaiem
1742 872 1819 930 brevi

103 952 139 1007 Ut
152 950 181 1004 ia
199 952 329 1007 mnemia
342 969 494 1023 pauperum
516 972 664 1011 memorem
683 972 741 1012 sese
769 955 929 1012 declaravit.
985 962 1106 1026 empore
1120 956 1335 1013 adminutrnbit.
1353 958 1405 1013 His
1420 958 1517 1026 dietis,
1532 975 1621 1017 cerna
1636 959 1762 1025 solutus,
1780 963 1817 1019 de

142 1044 211 1095 Post
222 1040 293 1109 hac,
305 1043 420 1097 morboi
426 1045 620 1108 uvalescente,
624 1047 748 1118 jamque
757 1063 814 1101 uon
823 1046 932 1100 incerto
985 1045 1050 1103 vita
1065 1047 1217 1118 presentis
1231 1048 1369 1120 augustia
1384 1051 1418 1104 ad
1430 1058 1543 1106 aetsrne
1553 1051 1815 1126 patrinsempiter·

103 1130 315 1200 ejustransitu,
331 1130 933 1205 spiritualesipsojubenteai'ratribusex·
987 1151 1054 1191 nans
1078 1137 1307 1193 consolationem
1332 1138 1474 1206 ascendit,
1498 1140 1623 1195 inactum
1652 1141 1816 1213 percipiens

103 1223 932 1306 sequtepsalmorumdecantationibusinchoanturtpso,
988 1226 1349 1297 perpetuejuounditatis.
1367 1227 1503 1300 Migrnvit
1518 1238 1615 1285 ostem
1627 1230 1755 1302 septimo
1770 1231 1819 1288 de·

103 1327 222 1382 quoque
232 1313 354 1383 pectoris
364 1313 541 1382 anhelantis,
551 1317 646 1389 quoad
657 1324 778 1389 poteret,
788 1318 931 1374 citharam
987 1314 1063 1370 nimo
1079 1314 1224 1372 Kalendas
1239 1316 1358 1387 Aprilis,
1374 1319 1566 1391 sepultusque
1580 1323 1624 1375 eet
1636 1320 1665 1375 in
1685 1319 1816 1377 Diviten-

102 1402 289 1468 extendebat‚
299 1405 929 1479 puriterpsallensetquodammododicens:
988 1402 1066 1459 sium
1078 1411 1185 1471 castro,
1199 1405 1228 1460 in
1242 1406 1487 1463 ortloriostsssslffl
1501 1408 1546 1463 uei
1559 1407 1812 1482 Geniltissltsquod

102 1491 290 1558 lnqredrorin
306 1493 396 1550 locam
412 1494 585 1551 tabernaculi
605 1498 784 1553 admirabilis
805 1498 934 1569 ecquem
988 1493 1201 1566 ipseeoudidit‚
1215 1494 1315 1551 multis
1329 1495 1582 1568 deincepsibidem
1594 1514 1751 1556 coruscans
1763 1500 1815 1556 mi·

103 1579 216 1636 mum
245 1583 305 1650 liei,
334 1586 365 1639 in
389 1600 450 1640 unce
473 1586 670 1643 exsultationis
698 1597 725 1643 et
753 1588 931 1659 mnteesionie
987 1583 1147 1639 raouiissd
1165 1584 1279 1640 landem
1297 1585 1410 1641 Domini
1427 1586 1599 1644 nostriicsu
1616 1586 1734 1645 Christi.
1759 1589 1816 1646 Ubi

105 1670 193 1740 (Paul.
218 1672 286 1742 nur).
311 1671 423 1730 Interea
447 1691 609 1746 pauperum
633 1685 862 1747 procuratorem,
885 1675 932 1731 cui
988 1688 1054 1727 oum
1072 1678 1205 1729 sanctum
1222 1690 1329 1747 eorpus
1344 1674 1408 1745 ejus
1423 1675 1578 1733 humatum
1604 1677 1718 1748 luisset,
1741 1681 1813 1734 tunc

104 1775 206 1815 curam
219 1759 338 1816 illorum
357 1762 420 1834 ipse
435 1765 634 1833 commiserat,
651 1765 728 1820 inter
745 1765 931 1820 maerentium
987 1761 1108 1817 demum
1120 1763 1533 1835 rerrriniscensieqnijvillious
1554 1767 1647 1822 esncti
1668 1767 1816 1838 pontilicis

105 1853 252 1904 catervam
268 1850 403 1907 cominus
418 1853 474 1908 eibi
491 1854 628 1910 assistere
642 1853 713 1909 vidit
728 1872 735 1909 ε
753 1856 785 1910 itt
799 1854 874 1927 quid,
893 1858 934 1909 in·
986 1851 1135 1907 exstiterat
1151 1851 1180 1906 in
1197 1857 1278 1908 curte
1293 1852 1368 1925 lpas,
1385 1855 1414 1908 in
1431 1870 1519 1926 quam
1542 1855 1603 1925 jam
1628 1855 1736 1912 dictum
1763 1872 1815 1929 per
1832 1873 1836 1882 ·

105 1939 182 2008 quit,
199 1947 370 2010 nnnrrrpont
384 1945 487 2012 [ratres
503 1945 578 1999 mei?
601 1945 671 1999 Nom
686 1945 801 2000 ittonam
821 1946 933 2001 seruitio
986 1940 1123 2011 superius
1136 1947 1323 1997 memoratam
1334 1943 1815 2003 revelationemcoueiruclurnerat

104 2029 180 2085 deest
189 2030 300 2101 aliquid
312 2030 326 2086 l
338 2031 456 2088 Dicebat
466 2040 564 2089 autem
576 2037 612 2088 de
622 2037 810 2106 pauperibus.
819 2034 933 2090 Etenim
986 2032 1157 2100 oratorium,
1172 2032 1344 2090 admirando
1357 2033 1484 2089 divinam
1498 2036 1722 2106 providentiam,
1735 2037 1816 2092 dioe-

104 2117 172 2174 illos
185 2121 289 2173 humili
304 2122 483 2177 conscientia
497 2122 689 2190 iratreseuos,
700 2124 934 2180 imoetdominos
986 2120 1036 2176 bet
1052 2137 1059 2175 ι
1075 2122 1159 2177 Locus
1174 2121 1229 2193 bic,
1245 2124 1275 2178 in
1291 2137 1342 2195 qua
1352 2138 1451 2193 corpas
1462 2125 1512 2179 boc
1525 2129 1651 2186 sancium
1675 2125 1813 2194 cernelium

104 2212 370 2281 etpatronoeupnd
386 2210 475 2266 Deum
488 2214 635 2269 aestimare
648 2213 932 2269 consueverat.Cum
985 2212 1035 2273 est,
1061 2211 1184 2265 tumulas
1211 2219 1273 2267 erat
1295 2213 1372 2268 omni
1392 2216 1516 2283 tempore
1543 2211 1683 2282 herbidae,
1711 2229 1819 2285 semper

103 2297 154 2353 ille
170 2305 286 2361 cuncte,
305 2317 368 2369 qun
384 2299 440 2355 eibi
456 2309 606 2372 assignata
623 2304 748 2370 luerent,
771 2320 802 2359 se
821 2318 933 2374 expeu-
985 2300 1104 2356 mundus
1117 2304 1145 2355 et
1161 2316 1297 2370 crunnus,
1311 2302 1492 2370 ceruicemque
1506 2304 1601 2358 oculeu
1621 2304 1733 2375 jupiter
1750 2319 1816 2374 pra·

105 2387 186 2443 disse
205 2388 329 2460 juraque
341 2389 705 2462 nibilsuperessereepoud
719 2398 790 2462 sset,
800 2393 934 2465 protinus
986 2391 1082 2445 tiosen
1099 2391 1180 2455 Ouod
1199 2390 1340 2446 nimirum
1358 2392 1496 2448 laudibus
1512 2392 1627 2463 prolicit
1651 2391 1815 2450 beatissimi

105 2477 241 2534 Ecclesia
259 2480 492 2550 prepositum,et
507 2480 633 2537 civitatis
649 2498 800 2538 accersens
811 2483 933 2539 advoce-
985 2479 1051 2546 viri,
1067 2483 1155 2549 cujus
1170 2479 1277 2535 tutoris
1293 2481 1440 2552 exsequiis
1456 2481 1666 2554 servandisque
1680 2481 1813 2554 reliquiis

107 2575 182 2628 tum,
195 2566 241 2621 hia
252 2566 471 2623 illosulloeutua
482 2578 540 2624 est:
551 2570 683 2636 dolestia,
694 2571 934 2638 cbarrseirni,imo
985 2568 1083 2625 taliter
1098 2584 1162 2624 sese
1178 2568 1232 2624 loci
1249 2569 1349 2636 lenies,
1361 2571 1486 2640 jubente
1500 2576 1571 2635 Deo,
1584 2570 1768 2642 preparavit,
1785 2575 1819 2627 ut

105 2659 133 2711 el
147 2657 303 2724 cipilonter
316 2657 415 2712 oerlire
429 2657 858 2729 debetiescrrptarnmd'centem
868 2660 935 2731 qaia
986 2675 1104 2730 semper
1119 2663 1285 2715 servaretur
1299 2658 1399 2715 viridis
1414 2660 1462 2716 ille
1472 2660 1555 2717 sinos
1570 2666 1652 2716 terrae
1664 2660 1695 2717 in
1705 2677 1762 2731 qno
1774 2676 1817 2716 re·

107 2767 122 2795 a
138 2747 294 2815 [oenerirtnr
310 2749 435 2815 Dominio,
461 2750 509 2819 qni
529 2751 675 2804 mulceretur
698 2753 815 2820 pauperi
839 2749 933 2821 (Pron.
986 2748 1136 2820 quiescere
1147 2748 1266 2804 haberet
1279 2765 1430 2820 possessor
1444 2749 1630 2821 sempiterne
1647 2749 1816 2807 viriditatis,

105 2835 336 2908 neutralitatis,
360 2858 374 2886 n
394 2837 466 2892 sicul
491 2837 581 2909 ipnem
615 2842 767 2906 eenlinpuit
787 2857 870 2910 arque,
894 2841 935 2895 ilo
986 2838 1032 2892 cui
1050 2838 1408 2908 repositaerathrereditss
1429 2838 1816 2911 incurruptibilis,inconte·

8 2965 9 2968 η
105 2930 242 3000 encrnony
254 2945 282 2980 nr
297 2930 400 2983 resistit
414 2934 535 2999 pecccare
549 2929 642 2996 (Ereti,
661 2933 714 2998 ιη),
733 2953 746 2978 e
763 2931 816 3000 890
830 2933 854 2985 st
870 2930 936 3002 qaid
987 2924 1099 2979 minuto
1112 2931 1140 2978 et
1157 2925 1420 2981 immarcescibilia.
1443 2924 1565 2981 Proinde
1580 2939 1648 2981 oum
1676 2925 1816 2996 Apostoln

104 3018 311 3081 exemplabant
329 3017 480 3073 secundnm
496 3019 577 3073 averto
601 3019 657 3073 brec
680 3020 752 3073 nobis
769 3021 888 3089 perabat,
910 3017 936 3074 si
988 3014 1059 3084 Regi
1076 3014 1250 3071 assiriorum
1262 3013 1432 3082 immortali,
1443 3013 1745 3083 invisibili‚20(ieoli
1756 3019 1813 3071 Deo

104 3105 172 3177 qnid
184 3109 214 3160 in
229 3106 396 3176 puerperium
406 3110 553 3176 erminoni,
567 3125 642 3164 narra
656 3110 711 3175 jam
726 3111 843 3178 reposita
859 3125 931 3164 com.
989 3102 1127 3159 bonorem
1141 3104 1275 3161 dicamus
1290 3109 1319 3161 el
1333 3104 1456 3178 gloriam
1468 3104 1498 3160 in
1514 3105 1620 3160 secula
1630 3104 1815 3173 seculorum,

102 3194 270 3266 pensabitur
283 3212 396 3262 merces,
412 3207 438 3252 et
452 3197 559 3265 messis,
586 3214 669 3269 quam
688 3199 835 3269 ncqrvieiui,
859 3215 934 3255 nune
953 3170 1118 3265 Ctimeni!
1134 3193 1202 3250 Tim·
1220 3194 1263 3266 11).

99 3286 458 3356 jomreer'pientoen,sicnt
466 3287 531 3343 item
541 3289 720 3356 scriptumest
733 3304 739 3342 :
752 3310 766 3337 u
774 3287 848 3358 Quia
854 3305 937 3360 perce

103 3378 239 3438 sancierat,
251 3391 332 3445 parce
348 3385 373 3431 et
382 3382 461 3432 metet
473 3393 483 3432 :
498 3382 524 3431 et
539 3378 588 3448 qai
600 3380 717 3433 seminat
730 3379 759 3432 in
771 3378 936 3434 benedictio-

105 3465 202 3528 nibus,
213 3467 248 3519 dc
262 3465 496 3522 benedictionibus
511 3475 536 3522 ei
553 3470 632 3522 ructet
647 3469 682 3536 (ll
698 3466 758 3524 Cor.
776 3471 825 3536 in).
841 3489 855 3519 n
870 3473 936 3526 lana

106 3554 184 3608 enirn
201 3555 341 3610 nobiscum
353 3557 467 3612 (lintius
482 3572 536 3611 non
549 3573 595 3613 ero
614 3556 669 3627 bic,
699 3558 748 3611 ubi
770 3559 933 3613 seminatae.

107 3643 286 3714 liiprordnm
300 3654 350 3708 eet,
361 3655 387 3700 et
396 3646 460 3715 iim
475 3646 544 3701 bora
559 3645 653 3712 instat,
668 3655 700 3701 ot
716 3663 777 3702 eam
791 3647 870 3715 illac,
886 3648 937 3703 ubi

8 3777 9 3790 ,
108 3737 234 3802 metitur,
244 3739 357 3805 proprio
367 3737 490 3796 coronis
501 3735 569 3802 mci,
581 3740 660 3804 prout
669 3735 751 3808 pessi.
764 3742 935 3806 recepturus.

109 3824 158 3878 Vos
174 3824 265 3891 icitur
279 3830 410 3895 toriquom
424 3826 499 3897 filios
518 3827 693 3881 cntrrisvimos
714 3831 792 3896 poter
814 3829 936 3883 moriem

104 3922 133 3972 et
146 3919 276 3971 ultimam
289 3919 419 3988 arietum
435 3921 560 3983 traines,
573 3921 624 3975 linc
638 3923 785 3976 rroointmo
794 3922 937 3976 testatione

103 4008 251 4067 convenio.
266 4020 400 4078 puritanae
420 4026 573 4079 presseram
602 4027 735 4066 memores
754 4009 826 4076 sitis,
851 4016 936 4081 utque

103 4097 156 4151 linc
170 4100 277 4154 animae
292 4113 361 4154 meae
375 4098 504 4153 aoluliurn
516 4104 693 4168 impendatis,
709 4111 740 4154 nt
761 4099 937 4172 qrroiulunque

102 4202 245 4242 successor
259 4204 400 4258 episscopus
412 4189 583 4254 subropctnr.
598 4189 776 4245 constitutum
786 4206 854 4244 nme
864 4207 935 4256 porr-

100 4277 222 4346 pcriban
237 4279 431 4346 retr-iperium,
448 4285 539 4333 oestro
560 4280 754 4350 aeripeditonte
777 4295 855 4345 curu,
880 4294 935 4332 non

102 4363 191 4419 desii.
208 4365 258 4419 liis
275 4365 395 4433 auditis,
416 4367 602 4422 veliementer
617 4370 786 4437 compuncti
801 4373 883 4428 aunt,
895 4382 937 4420 aa·

102 4469 164 4524 que
179 4453 233 4507 lroc
248 4453 442 4508 libentissime
458 4463 572 4510 acturos
589 4456 818 4527 spoponderunt,
830 4470 935 4510 enmu-

1274 3284 1392 3340 CXPU'l'
1410 3284 1529 3341 XXXIV.

992 3372 1063 3428 licio
1078 3374 1170 3429 oblata
1184 3374 1291 3446 Epponi
1299 3373 1424 3447 episcopo
1437 3378 1498 3447 post
1512 3376 1616 3430 abbam
1638 3376 1728 3431 sancti
1748 3375 1813 3430 viri.

1028 3464 1132 3518 Eodem
1145 3467 1286 3535 tempore,
1301 3462 1552 3520 virmemorubilis
1562 3463 1816 3536 lippoBebenber·

990 3552 1088 3624 gensis
1104 3550 1269 3624 episcopus,
1278 3551 1423 3623 preclaris
1432 3551 1562 3609 moribus
1570 3559 1600 3608 et
1611 3569 1667 3608 nou
1678 3557 1811 3609 cointem-

990 3639 1227 3697 neudiallorebal
1242 3641 1410 3696 virtutibus.
1423 3641 1474 3696 Hie
1489 3647 1551 3696 tam
1577 3640 1662 3712 louge
1685 3642 1813 3713 positus,

989 3733 1088 3786 eudem
1107 3735 1190 3785 nocte
1206 3728 1443 3801 quavirDomini
1457 3728 1642 3797 flambertus,
1654 3737 1718 3800 post
1734 3746 1810 3786 erne·

990 3820 1074 3875 runo
1088 3821 1151 3874 vitu
1164 3819 1252 3889 hujus
1265 3819 1411 3889 militiam,
1425 3834 1584 3885 supernum
1595 3819 1695 3890 uijsm
1705 3819 1815 3876 dictum

990 3916 1044 3976 aet,
1061 3907 1228 3964 donativum
1246 3908 1368 3978 accepit,
1384 3906 1525 3962 visionem
1538 3906 1610 3960 vidit
1624 3906 1815 3975 hujusmodi:

989 3998 1455 4070 Ingrediebaturquasiqvoddem
1466 4011 1605 4068 uraguum
1618 3995 1820 4067 splendidum·

990 4087 1239 4159 qnecspitolium,
1255 4092 1283 4142 et
1298 4102 1364 4142 eece
1380 4085 1440 4142 illic
1455 4084 1679 4141 innumerabilis
1703 4084 1816 4140 reside·

989 4178 1039 4231 bat
1052 4179 1153 4231 concio
1169 4174 1591 4248 personarumvanerobiiium,
1603 4174 1816 4246 episcoporum,

988 4269 1141 4334 abbatum,
1158 4282 1259 4339 regum
1281 4271 1371 4338 nique
1388 4266 1607 4336 imporatorum,
1624 4271 1815 4321 ceterorum·

988 4374 1044 4430 que
1059 4355 1518 4428 cujuscunqusordiuisvirorum
1530 4354 1701 4420 illustrium,
1714 4369 1818 4410 escun·

988 4447 1058 4501 dum
1071 4463 1159 4500 suum
1172 4446 1284 4517 quique
1294 4443 1427 4499 ordinem
1435 4444 1543 4509 vestiti,
1553 4449 1691 4498 etomnse
1699 4442 1816 4514 pulchri

102 4545 316 4615 gisebeuntem
336 4545 677 4616 corigemisoentea,quod
689 4545 771 4598 laetis
780 4543 934 4615 preteritis
951 4539 973 4603 D
990 4553 1023 4592 8⁰
1035 4535 1195 4602 reverendi·
1207 4534 1292 4607 ‘limi
1304 4535 1340 4591 id
1352 4533 1498 4606 ⁸8⁰¹1dl¹ffl
1510 4531 1644 4605 8⁰⁰0¹⁵⁸¹⁰
1654 4532 1814 4589 ⁰⁰¹¹fl¹l⁰ffl

102 4633 326 4703 perpendebant
336 4634 488 4688 convenire
499 4650 523 4686 vi
534 4635 585 4688 rba
597 4634 767 4693 novissima.
775 4632 934 4700 respicien-

103 4726 151 4776 tes
165 4722 262 4790 qualia
273 4728 346 4787 erut,
356 4722 481 4793 qualiter
492 4724 613 4788 viverat,
626 4723 743 4793 quaudo
753 4720 807 4776 sibi
817 4736 935 4792 semper

102 4812 204 4865 studio
222 4811 453 4867 misericordiam
470 4817 493 4866 tt
507 4819 729 4875 ‹rsrrurizevernt,
745 4817 774 4865 et
794 4809 934 4866 instantis

103 4900 184 4956 horae
201 4903 406 4956 necessitatem
420 4903 576 4970 lineasque,
591 4903 618 4955 in
632 4918 690 4973 quo
703 4901 767 4956 ioue
778 4899 874 4956 omnis
884 4915 933 4955 cs·

102 4990 198 5056 nitur,
214 5007 305 5063 quam
319 4993 467 5062 sapienter
481 4991 656 5062 provida-rut.

392 5079 504 5135 catur
522 5079 646 5135 XXXlll.

170 5170 299 5227 Praedicit
313 5172 375 5243 quie
390 5173 445 5242 ipsi
458 5174 494 5225 sit
507 5186 690 5234 successurae,
706 5179 731 5225 et
741 5173 867 5225 moritur.

138 5260 173 5314 itt
186 5263 256 5332 quia
272 5263 308 5316 de
324 5276 494 5316 successore
512 5262 689 5316 mentionem
708 5260 825 5324 iecerat,
840 5259 931 5316 altius

102 5352 134 5404 in
151 5353 300 5421 planctum
313 5349 521 5405 excitetivelut
537 5349 712 5421 pupillijem
728 5349 847 5413 deserti,
864 5366 930 5421 per·

100 5443 299 5496 contebantur
313 5445 342 5496 et
357 5443 553 5511 quaeritabant
563 5441 699 5507 quisnam
711 5447 793 5496 tanto
805 5440 929 5513 presule

8 5527 9 5562 ³
100 5530 258 5586 viduatum
271 5535 441 5603 recepturus
451 5531 525 5587 leret
536 5536 660 5587 matrem
672 5533 804 5603 ipsorum
830 5531 930 5588 Eccle-

101 5619 447 5690 siam.ille,uiebaut,vir
457 5625 518 5681 cite
533 5621 694 5681 venerabilis
704 5626 753 5689 est,
765 5625 790 5680 et
801 5622 928 5680 illenlitu

990 4628 1169 4699 congregali.
1185 4628 1270 4683 Porro
1282 4626 1311 4683 in
1328 4627 1422 4683 medlo
1436 4625 1666 4694 considentium,
1678 4622 1740 4680 loco
1752 4621 1815 4680 eei·

989 4718 1068 4774 diruti
1085 4718 1157 4774 sella
1171 4717 1325 4773 videbatur
1340 4718 1434 4788 posita
1457 4715 1643 4788 episcopalia,
1668 4729 1815 4771 sessorem

990 4808 1121 4864 nondum
1138 4806 1248 4863 habeus
1261 4810 1480 4864 :verumtamen
1500 4807 1536 4863 ad
1553 4803 1815 4876 cooperarentur

988 4895 1039 4951 illa
1053 4896 1190 4951 resideret
1214 4896 1331 4967 eliquia.
1358 4894 1393 4952 Ut
1414 4912 1483 4967 orgo
1504 4885 1817 4967 tanta'smptitociou

988 4984 1096 5053 locum,
1113 4991 1231 5054 tamque
1247 4984 1418 5040 venerande
1430 4983 1628 5039 multitudinis
1639 4985 1814 5038 conventum

987 5072 1286 5145 introspicieuvadit,
1296 5073 1445 5145 sicutipse
1455 5072 1609 5138 referebat,
1621 5069 1816 5126 admiratione

987 5164 1137 5237 periisset
1149 5164 1253 5217 timore
1269 5178 1458 5232 compressos
1473 5161 1565 5225 stetit,
1582 5164 1611 5216 et
1625 5172 1814 5229 nequaqnam

985 5256 1108 5325 introire
1125 5254 1322 5327 praesumpsit.
1338 5255 1411 5311 Nam
1427 5254 1568 5310 visionem
1585 5249 1660 5306 buno
1682 5246 1813 5303 diluculo

985 5344 1154 5414 imperatori
1180 5344 1304 5401 ilenrico
1330 5344 1454 5400 laetiense
1480 5341 1616 5397 intimare
1642 5339 1765 5396 curavit.
1788 5337 1816 5394 le

984 5428 1814 5507 enim,tuncinibidegens,Quadrugssimamcelebrnbat·

982 5527 1085 5584 Aiebat
1098 5542 1166 5598 ergo
1183 5541 1191 5583 t
1206 5525 1274 5584 com
1290 5528 1333 5582 ila
1347 5533 1451 5579 starem
1464 5523 1641 5593 stupetactus,
1662 5536 1722 5578 eece
1743 5535 1816 5576 naue

982 5617 1297 5682 mutosnnrtoeenato,
1308 5610 1528 5685 tentoqueqnnei
1545 5611 1814 5684 patriciorumeaetu
