3950 6034
159 241 217 302 tas

709 232 884 294 RUPERTI
905 230 1075 295 tuentio
1096 234 1321 297 rumuttsls

1804 232 1865 293 tto

157 372 266 444 templu
280 370 447 429 Judaoruro
464 368 562 437 exivit,
573 373 602 424 et
615 383 715 424 acrum
732 367 876 424 sacrificia
897 367 981 424 dere·
996 374 1023 441 Α
1039 366 1151 425 caiibus
1165 370 1241 441 quod
1257 369 1401 443 sylvester
1424 384 1501 442 papa
1520 366 1675 424 coustituit
1687 369 1719 423 ut
1734 367 1869 439 baptiza·

155 461 243 534 liquit
255 475 345 532 esque
355 459 385 513 in
400 458 544 515 sauriiiuiu
561 458 645 529 panis
659 463 689 514 et
699 456 758 513 vini
773 456 814 512 iia
826 458 982 514 abscondit

156 556 190 606 ut
204 547 602 621 ahimptisomninuaguosoi
619 562 677 602 nun
688 545 859 619 valeatquid
870 545 911 603 ibi
930 547 978 601 sit.

156 640 250 711 Igitur
277 638 461 710 quieveram
489 636 666 693 sacrificium
689 634 777 691 bodie
805 634 981 692 contradidit

156 731 247 801 (iiehr.
264 728 315 802 tx),
331 744 495 800 novumque
514 732 722 783 testamentum
739 725 802 783 suis
818 725 981 783 heredibus

156 821 318 877 moriturus
334 835 387 874 suo
403 818 547 890 sanguine
561 816 738 888 conscripsit
752 815 781 871 iu
793 815 899 887 spiritu
928 813 983 871 bu·

155 908 332 965 militatiuet
356 910 387 964 iu
411 907 510 964 auimo
538 906 676 974 contrito,
693 904 771 961 sicut
798 905 862 977 ipsc
886 903 980 961 dicit:

155 1018 170 1047 «
187 997 292 1053 Tristis
307 1001 352 1052 est
364 994 464 1051 anima
480 1011 547 1051 mea
572 1011 665 1066 usque
680 994 716 1051 ad
731 999 853 1050 mortem
874 992 979 1064 (bullit.

156 1085 246 1158 xxvi),
261 1106 275 1135 »
292 1091 369 1141 recte
382 1085 411 1140 in
437 1084 533 1139 medio
558 1084 697 1149 tristitie,
712 1099 777 1154 qua
806 1098 858 1154 per
879 1099 980 1139 omnes

156 1174 245 1231 boras
254 1173 446 1242 significatur,
459 1171 520 1229 solu
533 1173 625 1228 missa
633 1173 792 1228 solemnem
806 1180 981 1229 concentum

153 1262 311 1336 latumque
337 1263 540 1319 ministrorum
565 1261 666 1319 aitaris
689 1266 818 1319 meretur
832 1265 979 1321 ornatum.

154 1352 189 1407 iit
205 1369 240 1409 ue
255 1352 326 1424 quid
337 1355 500 1409 venustatis
511 1359 613 1408 sancto
629 1350 773 1408 secriiioio
788 1351 981 1421 desit,uipote

154 1442 183 1497 in
200 1441 248 1497 die
258 1458 318 1497 sum
329 1441 536 1509 institutionis,
551 1442 647 1497 Gloria
659 1441 690 1496 in
704 1440 820 1497 meisa
834 1455 981 1511 quoquere

154 1529 293 1604 pontifice
303 1536 484 1589 decantatur.
501 1530 534 1585 iit
545 1531 672 1602 quisque
684 1529 825 1602 pontilari,
836 1529 980 1599 antiquio

153 1620 198 1676 sui
214 1624 260 1675 est
285 1618 385 1684 ni'iloii,
400 1618 486 1674 debet
499 1618 554 1674 beo
570 1620 617 1675 dic
644 1619 680 1674 de
697 1619 809 1688 integro
832 1618 980 1689 perticere.

1039 462 1102 514 tum
1118 458 1191 514 iinst
1220 459 1370 532 presbyter
1385 456 1556 525 chrimate,
1573 456 1700 512 iuratum
1717 459 1752 511 de
1775 473 1867 529 aqua,

1039 553 1159 619 proptor
1177 549 1344 605 occasiones
1373 547 1517 605 transitus
1541 544 1655 612 morlle,
1682 561 1718 601 ne
1747 552 1869 618 propter

1039 636 1201 694 absentiam
1219 636 1360 709 episcopi,
1390 633 1637 692 etdiitlcnltatem
1663 650 1732 691 oum
1759 650 1865 692 conec·

1039 726 1160 796 quendi,
1170 728 1234 783 siae
1249 742 1353 783 manns
1369 725 1555 798 impositione
1570 724 1709 794 baptizati
1726 724 1865 796 migrent.

1039 813 1864 888 Presbyterisitsqucchrismalebaptizatosnugereiicet,

1039 905 1176 977 sedquod
1188 905 1750 979 abepisoppoiueritconsecratum,non
1763 907 1862 960 tamen

1039 992 1862 1066 lrootem(quodsciisdebelureplscopis)sedverticem.

1041 1082 1862 1158 torteatiqntsdteat:Quidmihiprndestpnetbaptisma·

1039 1173 1077 1229 iit
1088 1175 1271 1246 mysterium,
1288 1174 1461 1248 mysterium
1474 1170 1708 1230 confirmationis
1721 1169 1735 1224 i
1749 1170 1821 1227 Nam
1836 1170 1862 1226 si

1039 1262 1864 1336 postiontem,adlectiouenovigeuerisindigenas,quau·

1038 1358 1101 1408 tum
1117 1355 1272 1421 uideamus
1286 1359 1381 1411 totum
1404 1354 1440 1409 de
1453 1356 1531 1409 laute
1545 1349 1805 1422 suscepimus.Non
1822 1348 1864 1405 ita

1038 1442 1264 1514 intelligendum
1280 1442 1410 1500 estNam
1426 1442 1497 1515 quid
1515 1442 1642 1512 prodest,
1660 1439 1686 1495 ai
1703 1440 1862 1510 quisquam

1038 1538 1194 1605 parentum
1212 1550 1349 1606 magnam
1366 1532 1486 1605 parvulo
1502 1532 1634 1588 conterat
1650 1529 1860 1596 hereditatem,

1038 1624 1094 1679 nisi
1111 1625 1261 1696 provideat
1288 1624 1329 1680 iili
1344 1629 1471 1680 tutorem
1485 1623 1499 1679 i
1513 1621 1585 1693 (Gal.
1616 1622 1665 1692 tv.)
1694 1619 1863 1676 Paracletus

155 1708 257 1779 itaque
283 1708 457 1780 paenitentes
474 1706 609 1763 hortesis
623 1707 764 1775 restituit,
780 1705 878 1761 oleum
895 1706 978 1762 bene·
994 1749 1018 1815 B
1037 1712 1147 1785 quippe
1162 1714 1381 1785 regeneratricis
1395 1713 1511 1768 christo
1527 1713 1627 1767 eustos
1642 1715 1671 1764 et
1685 1708 1861 1777 consulatur,

155 1798 238 1865 dicit,
255 1796 385 1853 chrisma
408 1796 538 1864 coniicit,
563 1811 621 1868 quo
637 1796 747 1869 signati
776 1795 977 1853 testimonium

157 1885 333 1957 accipientes
347 1884 687 1957 Spiritussanctiliipitet.
697 1883 748 1956 ru),
766 1883 893 1962 dicimus
907 1882 981 1939 Deo:

158 1994 171 2025 a
187 1974 341 2043 Signatum
368 1978 517 2047 estsuper
533 1990 587 2029 nos
602 1973 702 2029 iumen
718 1972 818 2028 vuitus
831 1973 872 2027 tui
894 1971 981 2043 (Ptol.

156 2064 207 2132 tv).
229 2084 244 2114 s
259 2063 476 2120 Venerabiliset
490 2062 556 2134 pius
571 2068 617 2121 cst
643 2062 715 2118 ordo
743 2060 981 2131 consecrationis,

157 2153 208 2210 scd
223 2153 247 2209 si
262 2168 367 2209 caueae
386 2168 486 2209 eorum
502 2168 567 2223 quta
595 2151 625 2207 in
640 2153 741 2208 eadem
764 2151 982 2213 consecratione

157 2249 296 2312 aguntur,
326 2242 370 2299 vei
385 2246 513 2297 tenuiter
541 2240 715 2311 inspexeris,
737 2238 830 2295 multo
852 2237 982 2310 amplius

157 2328 263 2385 intima
290 2329 407 2401 pictatis
428 2328 647 2400 pulchritudine
675 2327 876 2384 delectaberis.
904 2325 981 2382 Ordo

156 2421 265 2490 quippe
276 2419 340 2492 ipse
351 2418 387 2475 ab
401 2417 675 2487 omnibusvidatur,
692 2418 744 2474 sed
755 2435 809 2475 not
820 2421 905 2490 Juxta
914 2434 981 2490 pro-

155 2507 286 2580 positum
302 2524 408 2564 causas
431 2523 608 2580 queremus.
623 2509 696 2575 Quid
710 2523 777 2579 ergo
798 2507 927 2564 chrisma
944 2508 982 2564 si·

155 2597 283 2668 guilicet,
299 2601 350 2652 aut
365 2597 437 2670 quid
452 2598 481 2652 in
497 2596 548 2652 iliu
563 2598 649 2653 uobis
665 2602 778 2670 agatur,
794 2596 840 2653 rei
855 2612 907 2652 cur
925 2595 980 2652 hac

155 2688 202 2743 die
211 2688 518 2761 consecretur,quidve
530 2689 660 2762 mysterii
671 2687 903 2745 consecrationis
915 2703 979 2759 erue

152 2777 223 2833 ordo
235 2777 452 2848 continentiori
464 2778 587 2834 luminis
598 2776 738 2851 largitore
750 2788 978 2850 praenotatos·

153 2866 281 2925 siderare
295 2868 442 2941 cupimus.

462 2956 578 3015 CAPUT
591 2957 665 3016 XVI.

460 3070 499 3123 iic
512 3066 668 3122 chrismate.

189 3171 323 3229 chrisme
337 3172 444 3240 Graue,
462 3173 563 3229 batiae
578 3173 686 3229 dicitur
701 3172 805 3239 unctio,
821 3187 838 3227 a
852 3185 911 3245 quo
927 3186 979 3227 no·

154 3260 234 3318 mine
248 3261 391 3318 Dominus
406 3268 507 3320 noster
522 3261 668 3330 Christus,
684 3261 713 3317 ld
729 3267 775 3316 est
791 3272 889 3315 unctus
900 3276 978 3316 nuu-

153 3356 286 3415 cunalur.
303 3350 467 3406 chrismate
479 3351 651 3423 ungendum
665 3350 777 3422 primus
791 3352 885 3405 iioses
898 3349 981 3405 insti·

153 3442 208 3495 tuit
222 3440 252 3495 iu
269 3442 365 3496 Exodo
378 3440 477 3513 (Eroti.
494 3443 572 3507 xxx),
588 3444 665 3511 quod
678 3446 706 3494 et
715 3439 841 3509 jubente
858 3439 980 3494 lietuino

152 3529 329 3601 composuit,
345 3534 376 3585 el
389 3545 422 3585 eo
438 3529 567 3602 primum
598 3535 694 3585 Aaron
707 3534 736 3583 et
752 3527 803 3583 iiiii
818 3528 884 3601 ejus
900 3528 979 3584 uncti
1033 3583 1039 3597 ,

151 3623 222 3672 eunt
249 3618 346 3689 (teuit.
374 3618 447 3677 rtttl.
478 3617 603 3686 iiratuuc
630 3633 664 3673 eo
695 3623 827 3689 tempure
857 3617 979 3690 agellos

153 3705 251 3761 unctio
261 3709 377 3762 tantum
395 3706 424 3761 in
439 3706 558 3777 regibus
569 3711 598 3762 et
613 3706 886 3778 sacerdotibus,qua
896 3706 979 3762 tibri-

154 3802 216 3850 stus
232 3811 282 3851 rex
296 3811 432 3852 summus
448 3795 978 3868 elsacerdoavsruspraefigurabatur.

154 3883 210 3940 Sed
232 3889 386 3957 postquam
404 3903 454 3958 per
482 3887 611 3960 seipsum
626 3887 746 3942 veniens
767 3885 901 3942 Christus
926 3885 978 3941 bei

1036 1806 1065 1856 et
1080 1806 1159 1859 lutor
1177 1808 1231 1867 est,
1247 1801 1298 1873 qui
1321 1806 1440 1875 possent
1459 1802 1599 1857 suadente
1627 1797 1755 1863 diaholo,
1785 1798 1862 1854 sicut

1035 1889 1150 1962 parvoli
1179 1891 1359 1962 laenitatem,
1388 1891 1507 1964 perdere
1523 1886 1664 1960 baptismi
1690 1886 1859 1954 utilitatem,

1035 1979 1060 2035 si
1076 1978 1156 2034 bunc
1173 1996 1232 2037 non
1249 1981 1390 2037 baberent
1404 1977 1638 2047 tutoremigilnr
1660 1974 1864 2047 chrismesspi.

1036 2067 1111 2124 ritus
1126 2070 1219 2124 sancti
1230 2070 1349 2142 signum
1364 2074 1418 2136 est,
1431 2069 1517 2141 cnjus
1527 2066 1702 2124 etuiriulem
1718 2068 1860 2123 continet.

1034 2160 1070 2211 iit
1086 2155 1204 2226 pulchre
1215 2157 1337 2229 Spiritui
1351 2162 1463 2224 sancto,
1481 2172 1531 2227 per
1546 2155 1622 2211 banc
1636 2155 1764 2226 speciem
1776 2170 1861 2208 suam

1037 2245 1121 2300 uobis
1136 2246 1390 2318 complacuitdare
1402 2245 1537 2318 gratiam.
1555 2245 1680 2300 Fructus
1695 2259 1823 2315 namque
1833 2248 1864 2299 et

1036 2333 1181 2407 pinguedo
1194 2343 1240 2391 est
1267 2338 1347 2402 olen,
1364 2353 1427 2408 qus
1456 2338 1542 2391 arbor
1571 2334 1651 2405 pacis
1679 2345 1705 2388 et
1736 2333 1860 2389 luminis

1036 2423 1170 2480 ministra
1183 2424 1394 2489 est,uommisto
1409 2424 1639 2494 balsamo,cujus
1650 2424 1736 2478 arbor
1761 2422 1863 2477 odori-

1035 2510 1096 2567 iera
1111 2528 1170 2568 una
1190 2520 1234 2569 est
1248 2518 1278 2569 et
1292 2516 1438 2586 praecipua
1467 2520 1604 2569 arborum
1620 2511 1859 2566 aromaticarum.

1035 2600 1160 2657 Sanctus
1171 2608 1268 2659 autem
1280 2602 1404 2674 Spiritus
1424 2602 1526 2658 diviua
1535 2601 1703 2658 substantia
1715 2600 1860 2672 pinguedo

1033 2694 1090 2757 cst,
1106 2691 1147 2747 ita
1172 2697 1205 2748 ut
1218 2692 1386 2763 quicunque
1405 2707 1440 2748 ex
1454 2707 1488 2747 eo
1503 2691 1629 2746 reiectus
1645 2689 1742 2755 luerit,
1759 2689 1834 2744 diost
1850 2706 1857 2745 :

1034 2801 1049 2831 a
1065 2781 1259 2854 impinguasti
1274 2782 1304 2836 in
1328 2781 1392 2838 oleo
1415 2785 1504 2852 caput
1518 2796 1616 2835 meum
1641 2778 1725 2850 (Psoi.
1743 2778 1825 2849 xxti).
1843 2800 1858 2829 s

1033 2869 1067 2926 Et
1081 2869 1206 2927 balsami
1222 2871 1294 2928 odor
1309 2870 1412 2928 iuoieo
1427 2869 1604 2926 suauitatem
1616 2869 1750 2941 ejusdem
1763 2868 1858 2939 Spiri-

1033 2961 1082 3015 tus
1096 2960 1189 3016 sauoti
1199 2958 1355 3034 siguificat,
1371 2976 1430 3032 qua
1441 2968 1561 3015 cunctos
1576 2958 1627 3030 qui
1643 2973 1761 3025 nesam,
1775 2956 1801 3011 id
1815 2960 1861 3012 est

1032 3047 1170 3104 virtutem
1185 3046 1294 3104 habent
1307 3048 1504 3115 discretionis,
1525 3048 1602 3103 bono
1623 3048 1711 3103 odore
1726 3044 1816 3102 allicit
1831 3050 1862 3102 et

994 3117 1145 3193 Cantent
1171 3143 1344 3209 appetentes
1371 3138 1471 3193 eiticit.
1487 3138 1579 3203 Quem
1600 3137 1771 3209 quicttnque
1787 3133 1863 3190 acui·

1033 3224 1128 3297 piant,
1140 3242 1206 3283 outa
1222 3225 1359 3297 Apoetciu
1374 3227 1494 3282 dicunt:
1511 3248 1525 3276 a
1543 3224 1653 3281 Christi
1675 3224 1772 3279 bonus
1787 3224 1862 3279 odor

1033 3330 1136 3371 sumus
1163 3322 1217 3371 [leo
1233 3314 1261 3371 ia
1277 3317 1358 3372 omni
1373 3315 1437 3372 ioco
1454 3315 1490 3388 (ii
1513 3314 1576 3371 Cor.
1595 3331 1631 3382 ¹¹5
1646 3314 1727 3370 licor.
1753 3315 1829 3383 1111).
1847 3334 1862 3363 »

1033 3405 1318 3478 lieueerguspiritne
1331 3414 1465 3472 sanctus,
1482 3408 1531 3479 qui
1544 3412 1662 3478 propter
1683 3420 1737 3460 uos
1751 3403 1862 3459 idcirco

1032 3496 1300 3568 agitvisibiiia,quo
1320 3511 1372 3568 per
1386 3495 1448 3552 hac
1463 3494 1580 3552 lucilius
1596 3510 1701 3566 capere
1715 3507 1862 3563 queamus

1031 3586 1203 3649 invisibilia.
1219 3601 1271 3658 per
1287 3586 1340 3642 buo
1360 3585 1456 3642 simile
1482 3600 1568 3641 suam
1585 3583 1670 3642 nobis
1692 3597 1813 3638 suavem
1830 3584 1861 3637 et

1032 3673 1205 3731 udoriieratn
1221 3673 1496 3748 iniunditgratiam.

1324 3781 1439 3839 CAPUT
1457 3780 1541 3837 xvii.

1139 3869 1216 3941 Quod
1228 3874 1300 3927 recle
1310 3870 1413 3928 inedie
1428 3870 1549 3927 clusino
1563 3876 1745 3927 consecretur.

153 3971 276 4039 Filius,a
292 3973 350 4029 Deo
365 3977 450 4029 Patre
461 3974 568 4030 coeiesti
585 3981 614 4030 et
632 3989 700 4029 veru
711 3983 859 4045 unguento
872 3975 978 4029 aetde-
1067 3975 1174 4032 Notum
1200 3982 1244 4034 est
1268 3977 1346 4035 boue
1362 3977 1439 4033 diem
1456 3982 1592 4050 quartum
1613 3975 1759 4033 decimum
1774 3975 1856 4031 diem

154 4058 274 4125 libutus,
296 4062 359 4131 jam
383 4076 440 4116 non
457 4061 511 4116 soii
537 4061 688 4132 pontilices
703 4066 733 4117 et
761 4076 854 4132 reges,
871 4060 922 4115 sed
950 4064 980 4117 et
1033 4064 1118 4138 primi
1135 4068 1246 4124 mensis
1259 4067 1364 4124 referre
1377 4065 1734 4140 quoagunsimmniariud
1752 4079 1857 4137 vespe·

153 4149 250 4203 omnis
267 4148 394 4203 Ecclesia
410 4149 546 4203 unctione
562 4147 731 4204 chrismatis
751 4164 801 4219 per
816 4148 978 4221 lmpositio·
1032 4172 1094 4213 rata
1104 4155 1273 4226 jussueeet,
1290 4164 1318 4214 el
1333 4158 1368 4213 de
1378 4157 1522 4230 sanguiue
1539 4157 1603 4227 ejus
1620 4163 1743 4227 uterque
1763 4154 1860 4225 puetis

160 4252 226 4291 nem
248 4252 390 4291 manuum
420 4242 617 4293 ῡῡῦθθθῐῠίΰΐ·
635 4238 716 4301 0⁰0d
745 4238 818 4294 wile
840 4239 979 4294 debeatur
1032 4247 1154 4319 signari,
1169 4251 1198 4303 et
1214 4247 1439 4320 superliminare
1456 4248 1623 4315 domorum,
1640 4243 1670 4300 in
1686 4245 1791 4313 «tinibus
1811 4260 1861 4299 co·

153 4325 298 4397 episcopis
327 4331 360 4381 ut
382 4326 558 4396 consignent
574 4331 603 4384 et
629 4327 770 4398 Spiritum
794 4326 977 4383 Paracletum
1033 4334 1196 4391 medendus
1222 4342 1310 4406 esset,
1333 4340 1412 4393 uteo
1436 4337 1521 4409 gigno
1549 4335 1621 4405 viso,
1646 4333 1860 4391 exterminator

152 4415 281 4482 litdlsslr
313 4414 833 4472 ⁰0ss³01⁰¹110011⁸1¹⁰l11d⁰Ecclesiae
853 4417 977 4472 demon·
1031 4426 1147 4496 AEgppti
1163 4424 1239 4481 sacri
1265 4424 1387 4481 convivii
1412 4423 1516 4481 domos
1539 4425 1663 4481 intactae
1685 4425 1856 4496 preteriret.

152 4508 235 4572 strat,
252 4519 350 4559 uerum
373 4509 401 4560 et
431 4502 582 4560 iliaiectio
602 4506 737 4561 Actorum
763 4489 1150 4578 apostolorumllcwstat
1179 4522 1289 4577 autem,
1329 4514 1392 4571 ideo
1415 4514 1561 4571 frontibus
1590 4513 1699 4570 nostris
1728 4528 1763 4568 οι
1790 4509 1858 4584 ipso

152 4593 350 4665 quaesterit,
374 4593 547 4662 quibusdam
564 4594 595 4649 in
625 4594 741 4650 nominc
761 4593 878 4649 Domini
903 4593 974 4650 iesu
1030 4604 1188 4661 curramus
1204 4603 1333 4676 imprimi
1360 4605 1479 4676 signum
1505 4604 1600 4660 crucis
1628 4601 1747 4667 christi,
1770 4607 1799 4658 el
1824 4606 1862 4658 ut

152 4682 306 4752 baptizatis
318 4697 368 4753 per
379 4681 597 4753 impositionem
609 4699 748 4739 manuum
759 4683 840 4739 Pauli
850 4683 975 4757 apostoli
1029 4695 1239 4750 „terminator
1256 4692 1393 4750 diabotus
1408 4694 1437 4749 in
1452 4694 1591 4749 domibus
1605 4693 1771 4751 animarum
1790 4706 1861 4745 ωε.

151 4769 254 4824 difflffl
270 4784 332 4824 0⁸⁸⁰
348 4770 492 4840 Spiritum
509 4777 657 4837 sanctum,
672 4775 703 4827 ul
719 4771 759 4827 ibi
773 4770 896 4844 legitur:
918 4792 931 4819 e
943 4772 976 4827 El
1030 4796 1195 4853 porumque
1208 4786 1374 4837 nostrorum
1386 4780 1434 4852 jus
1445 4782 1569 4837 nocendi
1581 4780 1696 4836 nullum
1707 4778 1860 4846 babeat,et

151 4874 219 4914 oum
243 4857 435 4921 imposuisset
450 4874 557 4917 manus
573 4859 631 4916 iilis
657 4859 776 4931 Paulus,
791 4861 871 4916 venit
886 4876 976 4933 snper
1030 4867 1086 4924 hnc
1099 4867 1348 4943 iiiiuatypiciagni
1364 4868 1580 4942 sanguineque
1593 4873 1689 4942 postes
1699 4867 1861 4940 signabun-

151 4963 200 5004 eus
212 4946 340 5021 Spiritus
355 4953 474 5005 sauctus
492 4948 562 5022 (Act.
583 4949 654 5022 arx),
671 4956 751 5006 esic.
768 4949 842 5006 ltem
868 4951 898 5006 iu
919 4950 974 5007 alio
1030 4962 1087 5022 tur,
1102 4958 1191 5014 luisse
1207 4958 1528 5031 praefiguratumitecte
1542 4974 1620 5029 ergo,
1636 4972 1695 5029 qua
1714 4956 1761 5011 din
1777 4955 1859 5026 figu.

150 5035 214 5094 louo
239 5036 379 5094 scribitur
393 5039 471 5110 quod
490 5038 614 5111 aposloli
630 5038 840 5111 Hierosolymis
856 5038 973 5096 Pelium
1030 5062 1062 5101 ru
1078 5051 1193 5102 tantum
1212 5045 1284 5102 illud
1301 5047 1452 5120 agebatur,
1470 5045 1623 5102 nobishoc
1646 5044 1798 5119 praesentis
1814 5044 1859 5100 rei

149 5130 178 5182 et
190 5126 336 5184 loannem
353 5129 497 5185 miserunt
511 5126 804 5199 Samariam,utlcm
819 5126 975 5202 baptizatis
1029 5150 1148 5190 sacrum
1183 5135 1356 5192 solemniter
1391 5134 1556 5192 confluitur.
1581 5135 1747 5192 Secundum
1777 5131 1859 5190 hanc

149 5216 300 5275 traderent
313 5217 456 5290 Spiritum
485 5221 637 5273 tanetum:
654 5216 765 5273 «runo
786 5217 976 5291 imponebant
1030 5223 1254 5281 similitudinem
1283 5240 1468 5297 consequens
1488 5224 1634 5281 videretur
1658 5227 1690 5279 ut
1715 5222 1771 5278 hac
1790 5222 1860 5295 ipsa

149 5303 209 5360 iliis
220 5322 345 5364 manns:
363 5312 392 5364 et
404 5306 586 5380 aoclpicbant
599 5307 743 5380 Spiritum
753 5312 888 5365 sanctum
904 5310 973 5382 (Act.
1030 5317 1116 5370 nocte
1131 5313 1238 5371 domus
1252 5329 1353 5371 eorum
1369 5312 1399 5369 in
1415 5313 1525 5386 quibus
1541 5329 1637 5387 agnus
1652 5310 1856 5369 comedendus

149 5393 226 5465 utri).
245 5415 256 5445 ο
270 5395 324 5453 Ubi
337 5401 438 5469 aperie
452 5395 674 5469 daturintelligi
684 5396 756 5454 solie
771 5397 974 5471 pontificibus,
1030 5402 1119 5468 estid
1134 5407 1180 5459 est
1190 5403 1454 5472 ironteseorum,iu
1468 5418 1594 5473 quorum
1606 5402 1756 5460 mentibus
1771 5399 1859 5470 tides,

151 5482 351 5554 apostolorum
367 5486 485 5543 vicarlis
510 5485 620 5555 deberi,
637 5488 669 5541 ut
684 5486 867 5560 consignent,
883 5490 913 5545 cl
923 5490 975 5545 i’a·
1030 5494 1105 5567 ligni
1118 5494 1166 5550 Dei
1180 5493 1288 5551 Christi
1297 5493 1474 5561 reconditur,
1487 5509 1571 5555 sacro
1581 5492 1739 5549 chrismato
1754 5488 1861 5563 signa-

150 5573 294 5630 raclclum
314 5574 440 5631 tradant.
457 5575 577 5649 Legitur
591 5579 691 5633 autem
703 5576 733 5633 in
748 5574 844 5633 Gestis
860 5578 976 5649 pontid·
1031 5583 1145 5636 rentur.
1162 5580 1244 5645 Quod
1260 5582 1337 5636 recte
1353 5578 1512 5649 videretur,
1528 5578 1554 5636 ei
1570 5579 1625 5635 hac
1640 5578 1741 5637 eadem
1758 5580 1858 5645 uncte,
