3950 6034
164 211 222 271 etr
367 221 370 226 ’
684 205 893 280 liUNIONiS,
915 203 1085 269 audonis
1107 207 1159 270 ET
1181 207 1350 272 uaaauui
1814 206 1877 269 sle

166 340 347 398 unanimiter
361 338 541 396 laudabatur
554 338 592 393 ab
607 337 747 396 omuibus
761 337 905 411 quidquid
921 354 993 411 pru·
1007 341 1034 409 Α
1049 337 1234 400 haereditario
1249 345 1374 400 testatus
1386 344 1443 399 est.
1458 340 1568 400 Omnes
1580 355 1649 413 ergo
1665 339 1723 397 fere
1737 336 1876 395 consulas

163 429 268 486 deuter
281 429 457 501 disponebat
471 428 636 500 episcopus.
1047 428 1180 502 aliosque
1205 431 1235 488 in
1262 431 1408 504 Hispania
1434 430 1632 503 principatum
1654 433 1800 494 tenentes,
1825 427 1879 499 qui

187 516 255 583 ¹Qui
271 516 411 574 nimirum
427 516 537 590 presul
548 515 660 589 ingenti
671 514 993 573 lamentationeetsus·
1048 520 1274 593 tuuctemporis
1298 521 1328 576 in
1357 519 1573 594 expeditionem
1602 523 1704 575 contra
1731 515 1877 575 Moabitas

162 607 248 682 piriia
268 623 319 680 pro
335 605 414 678 regio
429 605 565 679 gemebat
579 621 681 678 puero,
697 603 994 678 nepoteenilicetgio·
1046 608 1167 679 profecti
1194 609 1327 667 Toletum
1356 612 1567 679 convenerant,
1598 624 1726 679 quorum
1754 604 1878 678 quidem

163 696 236 754 rinsi
250 695 329 769 regis
345 696 495 764 adefonsi,
511 694 628 768 imperii
646 695 802 752 sanctitate
823 692 994 752 solemniter
1046 694 1120 753 alios
1135 713 1153 754 a
1168 699 1295 771 pueritia
1315 698 1501 771 adunaverat,
1528 696 1603 754 alios
1627 712 1663 753 ex
1693 695 1881 769 pauperitate

164 785 361 855 memorandi,
374 784 425 857 qui
440 799 506 840 num
523 783 660 856 pontifice
684 783 811 842 traditus
834 784 863 840 in
889 783 992 841 eadem
1046 785 1232 844 abundanter
1245 789 1402 855 ditaverat,
1417 788 1491 845 aiios
1505 804 1540 846 ex
1556 785 1662 843 humili
1672 799 1778 859 gauere
1789 782 1883 840 subli-

163 873 261 932 adbuc
273 873 407 946 captione
422 872 618 946 detinebatur,
634 889 761 946 eumque
777 888 866 945 quem
889 870 992 945 procul
1047 875 1165 945 mando,
1176 874 1290 934 nubiles
1301 878 1487 948 feneratoria
1500 891 1531 933 se
1542 874 1641 932 venire
1647 873 1748 946 jussit,
1758 888 1883 930 corum·

164 961 255 1019 dubio
270 965 459 1034 regnaturum
474 960 621 1034 sperabat,
643 978 677 1019 en
701 964 876 1035 propensius
899 977 990 1019 vene·
1047 978 1104 1035 que
1125 963 1300 1022 famulatum
1328 981 1393 1022 meo
1423 964 1549 1038 benigna
1576 962 1711 1020 subdidit
1738 961 1881 1035 imperio,

166 1067 354 1110 nosacorum
378 1050 538 1108 calliditate
566 1051 685 1108 interire
713 1049 899 1109 formidabat.
930 1055 991 1108 Hoc
1046 1067 1201 1125 meamque
1216 1070 1373 1127 personam
1396 1059 1426 1111 st
1448 1069 1572 1126 regnum
1596 1053 1769 1110 eorumdem
1794 1049 1881 1107 fideli

164 1143 245 1195 metu
259 1144 288 1195 et
303 1139 461 1197 formidine
477 1140 650 1212 perterritae
671 1137 781 1213 praesul
804 1138 989 1196 venerandus
1045 1142 1180 1197 custodia
1195 1141 1351 1216 diiigenter
1373 1143 1601 1210 commendavit,
1623 1140 1823 1198 interminans
1849 1143 1882 1196 et

161 1235 253 1286 totam
265 1229 372 1286 mentis
387 1229 577 1287 intentionem
593 1233 622 1288 at
635 1229 734 1286 nisum
747 1229 783 1284 ad
800 1228 855 1285 boe
866 1228 991 1300 dirigere
1044 1230 1208 1288 admonens
1223 1247 1259 1289 na
1273 1231 1342 1306 quid
1359 1248 1446 1306 grave
1458 1231 1503 1289 vei
1515 1231 1619 1289 ardum
1642 1234 1747 1304 prater
1773 1246 1881 1287 eorum

160 1317 748 1391 intendit,utpradictusreginadiiusqui
758 1316 990 1391 indignecaptue
1043 1319 1222 1379 voluntatem
1231 1326 1260 1379 et
1274 1339 1430 1380 commune
1443 1320 1669 1379 consiliumnllo
1680 1321 1767 1378 modo
1777 1318 1884 1392 dispo·

160 1408 323 1481 eratdigna
345 1406 517 1464 liberatione
538 1408 710 1476 solveretur,
735 1406 912 1464 existimans
938 1422 991 1479 per
1043 1425 1112 1466 nera
1122 1426 1341 1483 praesumerem.
1354 1411 1459 1484 Sicqua
1469 1411 1582 1468 fantum
1594 1411 1722 1481 estquod
1734 1410 1881 1465 defuncto

162 1498 225 1569 ejus
241 1495 416 1553 solutionem
431 1513 516 1569 posse
532 1495 661 1554 revocari
676 1495 841 1552 (fallaciam
862 1494 893 1551 in
920 1510 990 1568 pace
1043 1498 1881 1571 genitoremeojsecundumeorumdispnsitionamatarbi-

165 1591 195 1641 et
208 1585 370 1642 concordia
388 1585 710 1642 unionemconvonatis
720 1585 818 1657 itaque
826 1582 990 1657 maioribus
1043 1588 1135 1644 trium
1149 1587 1243 1646 invita
1258 1589 1410 1663 nupaerim
1427 1593 1548 1646 cruento
1563 1588 1681 1661 pialtico
1697 1587 1752 1659 (69)
1764 1588 1882 1660 Arago-

163 1690 224 1732 sua
239 1672 368 1731 ecclesias
382 1674 514 1747 personis
529 1673 721 1743 voluntatem,
736 1690 825 1745 quam
840 1673 871 1730 in
890 1672 988 1730 anirno
1044 1676 1127 1734 nansi
1142 1681 1276 1749 tyranno,
1290 1677 1445 1735 infelinitar
1458 1678 1485 1734 ei
1496 1679 1602 1751 juncta
1615 1676 1742 1734 nefando
1754 1680 1877 1732 etcaes-

161 1779 216 1822 suo
231 1762 370 1832 solvebat,
386 1763 531 1835 patefecit,
545 1768 573 1819 et
583 1767 701 1836 accepto
712 1778 779 1820 oum
789 1762 833 1819 eis
844 1760 908 1818 utili
918 1778 990 1819 con·
1005 1722 1029 1790 B
1044 1764 1146 1822 crabiii
1166 1767 1355 1826 matrimonio
1369 1767 1437 1840 (70).

168 1852 245 1922 silio,
262 1850 341 1908 misit
355 1851 484 1924 legatum
500 1867 587 1907 suum
603 1866 655 1923 pro
671 1851 779 1908 comite
793 1855 889 1919 Petro,
905 1850 991 1920 cujus
1079 1854 1145 1919 Qua
1160 1852 1203 1911 vel
1219 1860 1330 1927 quanta
1348 1854 1501 1923 dedecora,
1526 1856 1653 1925 dolores,
1675 1863 1703 1912 et
1724 1856 1875 1911 tormenta

164 1958 235 2000 uror
248 1947 279 1998 st
293 1938 347 1998 filii
362 1958 415 2016 pro
430 1939 520 2014 regali
542 1939 686 1998 infantulo
697 1939 803 2013 napti'vi
816 1940 993 1997 tenebantur
1044 1944 1175 2015 quandiu
1191 1961 1257 2002 cum
1273 1961 1307 2002 eo
1320 1945 1360 2002 foi
1378 1962 1465 2019 passa
1479 1947 1548 2018 sim,
1563 1962 1649 2004 nemo
1663 1945 1874 2016 meiiusqnam

162 2036 195 2088 ut
209 2047 277 2089 cum
291 2047 326 2087 eo
341 2030 485 2103 acciperet
499 2028 657 2087 consilinm
670 2028 797 2103 qualiter
819 2029 917 2087 infans
940 2046 992 2087 su·
1042 2034 1094 2089 tua
1108 2033 1264 2105 prudentia
1278 2035 1376 2104 novit;
1394 2052 1452 2093 non
1468 2036 1564 2094 solum
1588 2035 1667 2093 enim
1688 2050 1735 2091 me
1754 2033 1873 2106 jugiter

161 2119 379 2178 blimareturin
396 2135 531 2193 regnum.
1042 2121 1180 2195 turpibus
1208 2124 1401 2182 dehonoravit
1428 2126 1534 2197 verbis,
1568 2141 1670 2182 verum
1702 2129 1792 2180 etiam
1828 2122 1873 2177 fa·

460 2207 576 2265 CAPUT
590 2207 690 2265 Liiiii.
1042 2210 1117 2267 niem
1131 2228 1226 2270 meam
1237 2215 1301 2270 suis
1312 2214 1448 2273 menibus
1464 2212 1754 2284 sordidis,muitotias
1769 2212 1877 2268 turba·

334 2298 372 2356 ile
383 2298 522 2355 edictione
534 2299 619 2370 paeri
628 2296 684 2368 liiii
698 2298 814 2368 rapina.
1041 2303 1102 2356 tam
1122 2317 1199 2371 asse,
1215 2303 1288 2376 pede
1302 2320 1357 2361 suo
1372 2321 1419 2362 ms
1434 2302 1703 2378 percussisscomni
1713 2300 1878 2359 dolendum

197 2387 401 2445 Convenerunt
412 2387 505 2460 igitur
518 2402 617 2444 comes
631 2386 735 2444 Petrus
749 2389 778 2444 ei
792 2386 925 2460 pontifex
938 2402 991 2442 su·
1041 2394 1087 2446 est
1113 2391 1272 2449 nobilitati.
1287 2393 1353 2466 ipae
1368 2394 1508 2451 nimirum
1524 2399 1622 2452 mente
1640 2389 1793 2464 sacrilegio
1814 2389 1878 2462 pol·

160 2478 310 2551 pradictus
325 2493 410 2534 secus
426 2474 532 2532 fiumen
549 2476 627 2547 quod
643 2475 872 2544 diciturTamar,
888 2476 989 2547 ibique
1040 2476 1133 2548 lutus,
1150 2481 1230 2538 nulla
1245 2482 1431 2540 discretionis
1447 2483 1558 2541 ratione
1574 2486 1727 2551 formatus,
1739 2478 1876 2552 auguriis

162 2563 347 2622 multimodis
362 2564 526 2621 rationibua
536 2564 683 2637 variisque
692 2564 905 2623 assertionibus
916 2563 990 2620 mul·
1040 2567 1201 2636 confidens,
1216 2575 1246 2624 et
1260 2570 1493 2628 divinationibus
1508 2587 1610 2628 corvos
1621 2576 1650 2627 et
1660 2569 1795 2627 cornices
1806 2583 1875 2639 pos-

159 2653 313 2728 tlplinstia‚
329 2654 365 2710 ad
381 2653 435 2710 boc
450 2653 570 2710 tandem
581 2657 754 2725 perventum
769 2657 823 2722 est,
836 2652 913 2727 qood
925 2652 988 2710 aine
1041 2671 1073 2711 se
1087 2672 1190 2713 nocere
1206 2656 1624 2728 irrationabiliterarbitratus,
1636 2659 1783 2732 sapientes
1793 2658 1874 2712 viros

162 2745 286 2802 concilio
299 2744 408 2819 pariter
422 2747 451 2799 st
465 2742 572 2800 auxilio
588 2743 706 2816 regina,
722 2760 786 2817 qua
808 2747 903 2800 mater
922 2744 988 2815 elus
1039 2751 1067 2800 et
1080 2744 1194 2804 nobiles
1209 2747 1293 2820 quasi
1308 2747 1506 2806 erubescendo
1517 2749 1705 2822 subterfugit,
1717 2747 1873 2816 factusque

163 2838 238 2903 erat,
252 2840 369 2892 tantum
386 2834 536 2906 negotium
551 2831 674 2889 minime
688 2832 751 2889 fieri
767 2830 895 2890 deberet.
911 2835 988 2887 Eun·
1040 2832 1142 2890 vilium
1157 2835 1267 2909 noilega
1283 2835 1463 2894 nebulonum
1474 2837 1511 2893 ad
1522 2853 1640 2894 omnem
1654 2834 1782 2892 levitatis
1792 2839 1872 2891 stre-

162 2927 207 2981 tes
222 2940 291 2998 ergo
306 2922 394 2995 legati
410 2923 446 2977 ab
461 2923 598 2993 episcopo
611 2921 766 2989 etanmits,
777 2920 835 2993 ipsi
846 2936 986 2977 amanum
1038 2921 1133 2993 pitum
1147 2922 1340 2990 sollicitatur:
1352 2930 1503 2983 exsecrata
1510 2930 1711 2999 apostatarum
1719 2922 1873 2981 consortia

159 3008 985 3086 patentersignificaruntregiua,qundepiscopusdiutnr·
1038 3011 1345 3080 studioseveneratur,
1364 3030 1542 3088 omnemque
1572 3014 1704 3071 divinum
1733 3013 1873 3070 iincicsia

160 3118 198 3159 no
213 3106 343 3172 tempore
359 3097 483 3154 latenter
497 3097 697 3156 ruminaverat
711 3098 741 3154 in
757 3101 867 3167 mentm
878 3098 986 3171 quibus
1002 3083 1160 3169 Geultum,
1176 3118 1375 3176 personasque
1391 3104 1544 3178 religiosas
1560 3121 1612 3178 pro
1639 3102 1730 3161 nibilo
1757 3102 1874 3158 ducens

160 3191 264 3263 regina
278 3187 421 3246 attentius
435 3187 544 3244 auditis
560 3186 731 3260 etdiiigentl
741 3188 883 3245 scrutinio
892 3189 988 3261 inqui·
1039 3195 1225 3261 aspernatur.
1247 3191 1321 3249 ilino
1344 3197 1391 3249 est
1416 3195 1493 3267 quod
1522 3194 1660 3251 eeclesias
1684 3192 1736 3250 Dei
1759 3191 1875 3262 absque

163 3278 228 3336 sitis
244 3277 367 3335 solemni
384 3275 647 3350 quodametultra
673 3293 761 3348 qnam
790 3278 868 3334 credi
893 3280 990 3350 potest
1040 3278 1148 3351 pietate
1175 3279 1264 3337 violat
1291 3289 1319 3338 et
1348 3283 1501 3356 dirumpit,
1524 3299 1685 3356 earumque
1716 3281 1875 3337 ministros
1972 3329 1973 3346 ,

163 3365 320 3424 exsultavit
333 3364 451 3438 gaudio,
467 3370 529 3422 tum
546 3365 616 3439 quia
630 3367 739 3439 proprii
754 3366 987 3424 audiebatilliiin
1040 3368 1192 3440 exspoliat,
1207 3371 1470 3445 possessionesque
1493 3372 1591 3445 cripit.
1615 3372 1691 3428 itinn
1720 3376 1765 3428 est
1793 3371 1875 3443 quod
1972 3395 1973 3404 2

165 3472 288 3530 regnum
304 3454 553 3524 sublimationem,
569 3460 633 3512 tum
648 3455 718 3527 quia
734 3472 785 3529 per
803 3457 868 3529 ejus
881 3455 988 3513 exalta·
1041 3454 1873 3533 burgensemepiscopumetLegionenscmaauiasedibus

166 3545 275 3601 tionem
291 3542 470 3600 confidenter
484 3543 601 3598 credere
617 3547 740 3615 poterat,
765 3559 851 3615 posse
874 3545 990 3601 evenire
1041 3545 1254 3604 suaviolentia
1274 3549 1441 3620 tyrannidis
1466 3548 1605 3622 expulsit.
1630 3550 1660 3606 ln
1676 3549 1867 3607 palentinum

163 3632 281 3690 facilius
296 3631 413 3688 ruinam
428 3631 607 3703 bregonensi
623 3636 758 3704 tyranno,
776 3631 821 3689 vai
845 3633 932 3689 nitius
953 3632 989 3689 de
1040 3632 1129 3690 etiam
1146 3651 1252 3692 manus
1267 3636 1381 3707 injecit,
1395 3653 1482 3711 quem
1495 3638 1550 3694 sub
1567 3636 1813 3696 Christianefidei
1825 3642 1871 3693 ta·

163 3737 254 3795 regno
267 3719 479 3794 expulsionem.
491 3721 650 3777 Confestim
669 3735 738 3793 ergo
752 3725 836 3778 vonat
849 3722 886 3777 ad
902 3738 991 3779 secu·
1041 3738 1112 3781 nore
1124 3722 1163 3780 ad
1176 3741 1208 3781 se
1222 3725 1319 3782 venire
1336 3731 1523 3800 preceperat,
1539 3732 1568 3784 et
1592 3728 1634 3784 sic
1661 3743 1713 3801 par
1737 3727 1870 3782 fraudem

162 3808 987 3883 mitemFredaoandumstrenuumscilicetetprudeutem
1041 3814 1353 3872 eumetdolositatem
1368 3816 1454 3888 cepit.
1472 3816 1733 3889 archiepiscopum
1749 3831 1872 3888 quoque
1972 3843 1973 3850 ι

162 3899 266 3967 virum,
285 3915 373 3971 quem
389 3897 490 3971 regina
507 3899 630 3955 Domina
644 3896 677 3957 U.
693 3897 804 3956 talibus
818 3898 991 3971 suppliciter
1041 3898 1226 3968 Toletanum,
1242 3903 1408 3977 religiosam
1424 3903 1533 3960 scilicet
1548 3903 1682 3962 Ecclesia
1696 3903 1747 3961 liei
1759 3902 1875 3960 colurn-

162 3988 458 4060 alloqnitnrverbis:
1042 4004 1120 4058 nam,
1136 3994 1166 4046 et
1188 3990 1326 4049 Romana
1354 3994 1519 4051 sanctitatis
1542 3993 1683 4067 legatum,
1709 4012 1726 4048 a
1749 3991 1873 4048 diaecesi

465 4074 580 4131 carui
594 4073 688 4134 billi.
1041 4094 1097 4134 sua
1111 4093 1161 4150 per
1174 4080 1326 4138 biennium
1348 4083 1524 4152 absentavit,
1548 4098 1659 4140 necnon
1675 4087 1704 4138 et
1730 4081 1870 4138 abbatem

166 4167 251 4225 Varie
268 4164 608 4236 repiaaeodccmitcmf.
625 4164 658 4221 da
681 4179 731 4223 auc
755 4165 816 4236 filio
842 4169 873 4224 in
900 4183 991 4240 repam
1043 4165 1074 4225 S.
1090 4168 1251 4226 Facundia
1274 4170 1392 4243 proprio
1422 4172 1533 4244 fugavit
1559 4171 1702 4238 caenobio,
1729 4170 1760 4226 in
1781 4172 1873 4242 cujus
1972 4163 1973 4180 ¹

471 4234 672 4293 'wilwim-
1043 4256 1142 4314 ionum
1156 4259 1343 4333 sacrilegium
1358 4262 1478 4319 fratrem
1494 4277 1582 4318 suum
1598 4261 1679 4318 omni
1694 4265 1807 4318 remota
1823 4276 1874 4315 re·
1972 4247 1973 4298 ἶ

199 4366 214 4395 a
229 4343 342 4404 Nobilis
356 4341 745 4415 ataapianannmasu.quan
755 4343 992 4402 nousolumnou·
1043 4344 1152 4419 ligione
1166 4353 1195 4404 et
1206 4348 1321 4420 luentia
1333 4349 1528 4407 intronizavit.
1548 4352 1673 4423 Insuper
1686 4351 1774 4406 etiam
1785 4353 1872 4405 tanto
1972 4399 1973 4410 ,

163 4430 671 4507 sanguinitatislinea,vernmetiam
683 4430 864 4506 largaquam
875 4448 1028 4518 semperp
1045 4436 1142 4493 furore
1157 4438 1266 4494 studio
1281 4438 1310 4494 in
1328 4437 1449 4496 tiliolum
1466 4456 1564 4497 meum
1581 4440 1760 4497 Adeionsum
1783 4453 1872 4494 exar-
1972 4415 1973 4456 ³

164 4521 216 4577 tibi
230 4519 329 4577 exibui
344 4518 571 4575 honoriticentia
583 4520 774 4592 prerogativa
788 4519 988 4578 indissolubili
1045 4530 1133 4594 serat,
1149 4531 1182 4582 ut
1195 4526 1232 4584 ad
1243 4542 1309 4584 cum
1319 4528 1567 4601 exstinguendum
1576 4530 1645 4586 totis
1657 4528 1768 4585 viribus
1779 4526 1873 4584 anba-

163 4615 267 4666 cataos
281 4608 352 4666 mibi
368 4608 551 4665 vehementer
564 4608 710 4682 astringit,
727 4608 991 4669 salubrealibera·
1045 4614 1314 4686 laret,e11stimaus
1329 4634 1419 4691 reguo
1433 4635 1536 4676 secure
1548 4619 1646 4692 potiri,
1664 4620 1689 4676 si
1705 4634 1777 4690 puer
1796 4634 1872 4690 quo·
1972 4641 1973 4648 ι

164 4698 247 4754 litata
262 4694 991 4769 tuadeposcoconsilium,quiddemumatatuen·
1051 4706 1136 4763 modo
1165 4706 1328 4766 traderetur
1356 4707 1430 4763 ueni.
1456 4709 1597 4774 Quocirca
1621 4706 1793 4765 bellicosum
1819 4723 1873 4762 ro·

164 4788 234 4845 dum
250 4785 290 4843 ait
305 4783 364 4841 illio
378 4799 465 4855 quam
480 4784 665 4841 venerandus
680 4784 713 4840 Β.
725 4786 992 4862 iscnbiepiscopus
1046 4795 1146 4853 mitem
1163 4795 1280 4852 Petrum
1290 4795 1357 4853 iidei
1372 4796 1511 4854 firmitate
1521 4797 1713 4856 fortissimum
1725 4797 1789 4853 dira
1801 4813 1872 4852 ma·

164 4879 194 4935 in
209 4893 307 4950 regem
321 4873 432 4947 erigere
447 4874 527 4930 omui
542 4875 639 4931 studio
654 4878 789 4931 conatur.
800 4875 863 4932 Tibi
883 4878 991 4934 etenim
1046 4884 1214 4940 chinatioua
1230 4885 1376 4957 perditum
1391 4886 1433 4943 irs
1448 4886 1632 4954 moliebatur,
1647 4901 1682 4944 eo
1696 4887 1775 4960 quod
1793 4885 1874 4943 lidus

164 4973 266 5027 notum
280 4969 325 5023 est
339 4969 370 5021 et
384 4962 522 5020 omuibus
538 4962 685 5035 Hispania
709 4980 833 5038 regnum
859 4964 991 5022 incoieu·
1046 4971 1184 5030 iulsutoii
1195 4974 1426 5032 nutritiusnulia
1437 4976 1625 5034 tribulatione
1636 4976 1679 5033 vei
1691 4975 1826 5033 molestia
1836 4975 1876 5032 ab

163 5057 253 5127 tibus,
268 5053 409 5128 qnoniam
421 5056 503 5124 pater
519 5067 603 5109 meus
626 5053 788 5126 imperator
815 5054 992 5112 adefonsum
1046 5064 1111 5133 ejus
1124 5045 1264 5118 fidelitate
1275 5064 1403 5134 separari
1415 5070 1536 5136 poterat,
1553 5065 1599 5121 cui
1614 5064 1778 5122 dominium
1791 5069 1876 5138 patre

163 5149 419 5224 appropinquante
433 5144 480 5201 aui
497 5145 639 5201 transitus
654 5143 739 5216 bora,
756 5145 829 5201 mibi
843 5147 922 5219 apud
936 5148 991 5204 To·
1047 5166 1112 5207 meo
1126 5151 1312 5224 precipiente
1327 5152 1356 5207 io
1374 5154 1494 5226 legione
1509 5155 1625 5213 civitate
1636 5156 1799 5228 juraverat.

162 5239 254 5296 letum
268 5252 390 5310 regnum
402 5239 498 5292 tntum
509 5234 642 5305 tradidit,
652 5237 681 5291 et
691 5234 992 5296 iiiiomeroAdefonsc
1081 5238 1456 5313 savinsigiturceitiberua
1462 5241 1628 5300 Galioeciam
1636 5243 1817 5301 furibundus
1826 5246 1874 5301 in-

165 5327 265 5397 nspoti
279 5341 334 5382 aun
349 5323 527 5390 Galleoiam,
541 5323 566 5380 si
583 5324 722 5380 maritum
747 5324 939 5395 susciperem,
963 5331 993 5383 et
1045 5329 1133 5386 travit
1148 5336 1176 5386 st
1190 5339 1260 5402 quot
1272 5338 1299 5387 ot
1314 5335 1425 5403 quanta
1435 5332 1565 5390 facinora
1578 5332 1609 5390 in
1624 5335 1742 5406 regione
1753 5334 1806 5392 iila
1821 5354 1873 5409 pa·

166 5417 233 5486 poet
256 5412 368 5469 obitum
385 5428 485 5470 meum
499 5412 588 5470 totius
603 5413 629 5469 si
644 5410 809 5469 dominium
825 5414 906 5488 regni
922 5415 992 5487 iure
1045 5421 1174 5488 traverit,
1188 5419 1330 5477 nobilium
1348 5421 1453 5494 cades,
1483 5421 1611 5480 militum
1638 5424 1718 5497 apud
1740 5428 1871 5487 Mentem
1972 5439 1973 5454 ¹

201 5517 263 5591 (69)
278 5519 370 5588 intra,
384 5517 580 5589 phantastice.
1080 5527 1137 5602 (70)
1152 5526 1225 5586 Vide
1238 5543 1302 5601 cap.
1316 5527 1363 5599 79,
1378 5544 1455 5587 num.
1471 5529 1498 5588 3.
