3950 6034
97 258 181 322 rosa
435 256 628 322 maroam
647 242 1003 319 enumerantem.
1025 273 1065 292 -
1085 247 1160 312 arn.
1181 245 1221 312 rr.
1243 275 1284 299 -ι
1304 252 1367 318 art.
1390 256 1482 319 arro.
1731 239 1808 323 tots

96 409 200 459 susm,
217 406 324 464 nempe
336 391 371 449 ad
386 392 626 451 confundendum
657 388 761 449 matris
790 388 925 444 tonans
940 380 968 449 Α
983 382 1131 456 majestati
1141 394 1196 443 tue
1207 395 1240 446 nt
1249 388 1405 447 Ecclesiam
1418 390 1554 449 B.iaoohi
1570 391 1696 466 apostoli
1716 395 1809 452 subii·

98 484 241 540 Ecclesia
252 485 471 549 incestatorem,
481 482 591 540 aoiiiost
604 483 766 539 Burdlnum
778 475 929 535 Teutonici
984 479 1338 552 maraejusqueepisropi
1349 480 1522 537 amicissimi
1531 483 1574 537 tui
1583 487 1663 550 puato
1680 483 1810 557 digneris
1838 489 1842 496 ’

97 573 219 646 tyranni
233 571 358 640 idolum,
374 577 408 628 ad
425 574 627 629 rsirsnandam
650 570 783 642 ejusdam
814 561 930 638 tyranni
983 565 1216 623 condescendere
1226 567 1385 625 desiderio.
1406 569 1486 636 Quod
1513 571 1740 642 predecessores
1754 574 1808 641 tui,

97 661 300 735 tyrannidem,
315 661 408 716 abbas
423 661 626 718 Cirrnlaosnsls
640 675 708 717 oum
727 657 930 715 cluniacensis
983 653 1096 710 seilicet
1111 655 1263 714 paschaiis
1279 657 1521 730 etqueGelaslus,
1542 660 1724 733 implessent,
1751 664 1807 721 nisi

99 750 277 806 monasterii
302 756 445 806 conventu
473 749 609 806 Romane
639 747 773 805 Ecclesiae
807 744 931 801 utiliset
983 742 1809 822 tempusteiiucosdeiuiaset,ipse,moauctoremdim·

97 846 287 900 nscsmarius
303 848 379 912 erat,
395 842 509 900 neodon
529 843 564 898 sd
581 841 814 898 confirmandum
834 838 863 893 S.
881 836 931 891 Ec·
984 828 1140 903 pietolpse
1156 834 1186 889 Β.
1203 836 1329 894 lesches
1354 840 1427 911 petit
1456 839 1509 895 tibi
1541 839 1725 910 metropolim
1749 854 1810 897 sua

97 929 198 989 alesia
214 937 373 996 amintam,
388 937 417 988 et
429 929 465 988 ad
481 930 703 1006 exstirpandam
720 929 862 1002 pestilerae
873 925 931 982 has·
984 918 1131 977 Ecclesia.
1146 922 1267 987 Quodsi
1282 942 1335 983 nec
1365 927 1512 999 precihus,
1525 943 1578 984 nec
1602 927 1723 985 consilio
1745 941 1809 985 mco

97 1037 204 1079 roseos
218 1020 420 1078 simulacrum.
436 1045 450 1072 s
984 1009 1169 1081 acquiescere
1183 1013 1323 1086 dignaris,
1340 1016 1447 1073 saltem
1477 1016 1510 1074 Β.
1525 1017 1627 1074 iacobi
1657 1015 1810 1089 acquiesce

411 1108 529 1169 carot·
557 1109 620 1167 xv.
984 1099 1253 1168 satrianensem
1269 1104 1504 1180 uniuscuiusque
1530 1107 1654 1181 apostoli
1683 1109 1811 1167 Ecclesia

255 1199 292 1255 lie
306 1198 500 1271 ieapstrata'cas
512 1196 776 1269 corepiscopatus.
984 1187 1154 1261 ubieunque
1164 1196 1310 1250 terrarum
1325 1197 1524 1253 ecclesiastica
1540 1198 1624 1268 pollet
1636 1207 1724 1274 atque
1742 1198 1807 1273 gio·

139 1292 199 1346 ilua
207 1287 375 1346 dilectionis
384 1288 714 1361 charitatisquemutua
739 1284 835 1341 tedas
853 1282 931 1338 iuter
984 1279 1077 1335 riatur
1089 1283 1244 1355 dignitate.
1261 1284 1329 1341 Sola
1345 1291 1374 1343 Β.
1390 1287 1492 1344 lacobi
1516 1287 1656 1358 Ecclesia,
1672 1289 1701 1345 in
1726 1281 1810 1345 Occi·

98 1377 244 1435 Caiixtam
259 1393 362 1449 papam
373 1383 403 1433 et
414 1377 669 1433 pCluniacensem
680 1375 817 1431 abbatem
842 1376 876 1428 ut
890 1368 930 1426 ri·
984 1369 1092 1427 dentati
1105 1370 1198 1428 latens
1210 1372 1306 1446 plaga,
1323 1375 1471 1447 episcopio
1482 1383 1594 1433 tantum
1606 1384 1741 1435 conterite
1751 1379 1805 1434 est.

100 1470 150 1525 dit
163 1467 383 1538 portugalensis
396 1468 564 1538 episcopus,
573 1482 679 1537 magno
687 1464 795 1538 gaudio
809 1460 930 1536 gavisus
984 1461 1108 1516 ceteras
1121 1460 1211 1518 etiam
1240 1466 1501 1537 comprovinciales
1525 1468 1609 1523 sedes
1633 1466 1810 1523 hereditatis

99 1556 802 1629 menippeusabhateutaotaceustspsaatque
824 1550 930 1609 anebo-
983 1550 1414 1619 sustandosttas,etobnoc
1445 1561 1560 1613 tantum
1589 1557 1644 1612 sihi
1664 1557 1809 1624 subditas,

100 1661 134 1704 ra
152 1648 263 1717 negotii
278 1645 394 1702 saisita
408 1647 580 1716 erat,oajua
592 1644 734 1716 petitioni,
750 1645 928 1698 imocteon·
984 1636 1166 1696 hereditario
1178 1643 1324 1711 juranno
1340 1644 1436 1715 alique
1449 1647 1644 1703 materiamina
1673 1645 1811 1718 praecenit

99 1735 170 1792 silio
183 1735 327 1791 Collatum
342 1751 446 1807 papam
456 1729 929 1791 modolacilesatiaiacturumani·
944 1750 968 1817 B
983 1728 1219 1802 dignitate.0uod
1232 1730 1257 1788 si
1272 1734 1459 1792 precareneia
1475 1736 1605 1793 sarteas
1625 1737 1807 1810 metropolim

100 1825 316 1882 madvertebat.
328 1822 414 1880 Venit
427 1840 496 1893 ergo
508 1823 544 1880 ad
555 1823 722 1895 preadictum
735 1822 883 1884 abbatam,
899 1825 929 1875 et
986 1818 1015 1872 in
1032 1817 1298 1891 compostellanam
1314 1824 1472 1880 transferre
1500 1825 1671 1894 Ecclesiam,
1689 1825 1734 1882 vei
1764 1843 1809 1882 ar·

100 1913 142 1969 ait
157 1912 201 1969 iiii
212 1930 219 1969 ε
231 1934 246 1964 a
259 1917 352 1979 Nunc,
368 1919 457 1974 nubo,
473 1910 715 1968 reverendissime
734 1912 828 1971 pater.
852 1915 926 1964 tem·
982 1906 1244 1981 chlepiseopatnm,
1261 1928 1347 1983 quem
1364 1911 1476 1969 dudum
1492 1920 1623 1986 tempore
1646 1913 1810 1972 'teodemiri

102 2018 161 2075 pus
171 2005 217 2058 est
231 2001 385 2058 Ecclesiam
398 1999 538 2057 isiacum
554 1998 745 2068 sublimandi,
759 1998 830 2056 dum
853 2012 929 2070 pape
983 1995 1060 2067 regia
1070 1997 1227 2054 Gothorum
1241 2000 1382 2057 Lucensis
1392 2002 1494 2059 hahuit
1507 2001 1645 2068 Ecclesia,
1662 2004 1808 2075 praedicta

99 2089 231 2148 estiatur
242 2089 271 2146 ia
286 2090 540 2146 manibusvsstris
553 2097 607 2147 eat.
623 2090 781 2145 Pulsantur
794 2101 882 2143 aures
895 2084 929 2140 ii·
983 2084 1016 2141 Β.
1034 2085 1135 2142 iacobi
1160 2087 1295 2145 Ecclesia
1325 2091 1457 2146 conterre
1486 2107 1543 2147 non
1570 2094 1652 2148 sedet
1678 2095 1708 2148 tn
1738 2109 1807 2149 cun·

99 2179 161 2236 itus
176 2181 312 2254 precibus
327 2198 335 2247 ς
352 2180 423 2236 dum
439 2185 557 2250 tempus
572 2178 926 2249 babemusmstmemus.
983 2177 1258 2246 speetntuo‚saltem
1271 2178 1459 2236 Emeritensis
1467 2179 1602 2237 Ecclesia
1611 2181 1807 2254 metropolim,

102 2267 487 2340 &atusnamquelacnhus
499 2267 665 2341 impetrauit
677 2267 835 2340 pronubis.
849 2287 863 2315 »
878 2264 928 2320 iti·
984 2280 1050 2337 qua
1066 2269 1277 2323 Saracenorum
1303 2266 1416 2324 leritate
1440 2269 1615 2342 depopulata
1637 2272 1805 2328 christiane

104 2357 656 2430 mirompriusquaminterpupsmet
681 2358 816 2413 abbatem
846 2353 929 2411 lieret
984 2353 1053 2411 iidei
1068 2354 1179 2410 ruitum
1199 2353 1310 2421 amisit,
1327 2356 1567 2430 Compnsteiiame
1578 2359 1710 2416 Ecclesia
1725 2360 1808 2416 eta-

106 2450 185 2504 tanta
198 2446 365 2502 diiectionis
374 2447 528 2512 connexio,
543 2444 929 2517 portugalensisepiscopus
985 2444 1049 2501 nobi
1062 2444 1091 2499 in
1102 2451 1249 2517 posterum
1260 2444 1379 2514 donare,
1395 2448 1620 2519 etapostoiicam
1646 2448 1806 2506 Ecclesiam

106 2536 405 2607 dearchiepiscopare
422 2534 660 2608 Cotrrposteilmss
677 2533 809 2591 Ecclesia
831 2532 929 2589 coale-
986 2532 1256 2607 archiepiscopatus
1271 2535 1413 2606 dignitate
1428 2537 1589 2594 sublimare
1604 2539 1745 2611 digneris.
1762 2559 1777 2590 a

106 2625 312 2682 readomutirs
332 2625 585 2697 viapreaunsrst.
601 2624 713 2697 Quippe
725 2628 882 2694 antequam
899 2622 929 2677 in
1024 2622 1179 2695 Postquam
1195 2623 1241 2679 his
1255 2633 1343 2696 atque
1358 2624 1424 2681 aliis
1452 2626 1544 2683 abhas
1568 2627 1701 2686 animum
1725 2645 1807 2701 papa

106 2717 218 2771 curiam
230 2712 929 2787 papasvenisset,iiomarri,tamcardinalesqoam
986 2710 1138 2780 emollivit,
1153 2712 1285 2769 adhibito
1299 2712 1356 2769 sihi
1386 2714 1587 2786 portugalensi
1611 2718 1748 2790 episcopo
1770 2717 1807 2773 ad

107 2807 215 2868 ceteri,
231 2806 387 2860 adrentum
399 2803 528 2875 predicti
551 2802 778 2875 Compostsllnni
800 2800 929 2873 episcopi
986 2800 1148 2857 cardinales
1163 2805 1351 2870 corruentitnr,
1362 2804 1398 2858 iis
1412 2803 1586 2875 pollicitans,
1601 2805 1675 2861 aiios
1704 2808 1807 2878 depre-

107 2892 200 2949 nimio
213 2892 457 2965 prestolabantur
468 2893 726 2963 desiderio,utpete
737 2897 873 2962 magnast
885 2890 929 2945 in·
988 2904 1059 2945 cans
1071 2889 1231 2956 blanditiis,
1248 2899 1279 2947 ut
1294 2908 1395 2948 omnes
1407 2894 1585 2950 unanimiter
1597 2911 1648 2966 pro
1663 2893 1807 2952 sublima-²

109 2999 234 3042 numera
248 2986 284 3039 ab
297 3000 330 3040 eo
345 2984 634 3056 muneraaccepturi.
653 2987 809 3055 postquam
831 2988 929 3038 autem
987 2978 1067 3033 tione
1079 2978 1210 3034 Ecclesiae
1226 2982 1257 3034 Β.
1272 2980 1370 3036 iacobi
1386 2981 1497 3038 (lalisio
1524 2999 1605 3055 papa
1627 2982 1806 3056 supplicent.

108 3073 426 3145 esoiti’ortogaisoais,
441 3074 570 3129 reterens
585 3075 756 3145 episcopum
783 3070 813 3128 S.
828 3068 930 3128 iacchi
947 3111 970 3183 ⁰
991 3068 1153 3124 intererant
1164 3068 1252 3123 curies
1263 3069 1470 3143 papaequidnm
1497 3070 1676 3146 allobroges,
1692 3074 1745 3129 riri
1762 3089 1808 3144 po·

108 3163 145 3220 ed
157 3162 300 3218 catinum
315 3178 419 3235 papam
431 3161 695 3233 impresentiarum
707 3161 876 3217 nuliatenus
887 3175 932 3215 re·
990 3161 1085 3213 tentes
1095 3162 1182 3229 atque
1191 3156 1496 3226 nosrisqeontrtbutea
1508 3178 1601 3234 papa,
1617 3161 1729 3219 scilicet
1751 3155 1811 3218 dui

109 3252 174 3307 nire
186 3256 346 3322 peecatum
356 3252 495 3323 quoniam
510 3253 866 3324 aragonensiatprannus
882 3261 934 3320 per
989 3245 1164 3319 Burgundlas
1174 3244 1269 3303 titildo
1279 3248 1315 3303 de
1330 3247 1461 3318 albione,
1475 3255 1504 3306 ct
1513 3253 1606 3307 ceteri
1619 3252 1811 3324 quamplures

108 3356 231 3410 regnam
243 3355 330 3396 suom
345 3340 516 3396 transeundi
530 3338 685 3396 minimest
701 3339 849 3396 licentiam
860 3354 933 3394 con·
990 3333 1123 3391 Ecclesia
1133 3334 1269 3393 Elaoobi
1281 3341 1451 3407 contraires,
1467 3340 1518 3411 qul
1534 3339 1566 3396 Β.
1584 3339 1725 3397 iacobum
1738 3340 1808 3396 oiim

109 3430 240 3496 redebet,
253 3435 316 3484 tum
333 3429 403 3501 qma
417 3445 453 3485 aa
477 3444 565 3485 naves
595 3427 754 3500 piratarum
775 3424 934 3483 ismaelite-
990 3423 1133 3494 adierant,
1149 3429 1303 3498 etseipsos
1331 3427 1386 3500 ipsi
1412 3428 1545 3498 apostolo
1567 3432 1810 3501 subjugaverant.

110 3534 178 3574 rum
195 3534 275 3575 mare
290 3518 438 3575 Oceanum
453 3516 593 3575 tenebant
619 3518 786 3582 obsessum,
810 3514 933 3572 &meni
991 3512 1146 3586 Propterea
1157 3509 1311 3571 seelestam
1325 3514 1355 3570 Β.
1370 3514 1469 3573 iacobi
1483 3534 1693 3590 usquequaque
1707 3518 1809 3591 diiige-

106 3612 273 3681 praetaxata
287 3624 340 3679 spe
354 3608 465 3664 essuri
498 3607 619 3664 moleste
646 3606 788 3664 tulerunt.
811 3605 935 3662 aiebant
990 3602 1104 3671 bsnt,et
1116 3603 1181 3673 etus
1196 3603 1377 3676 episcopam.
1393 3604 1426 3661 lli
1437 3613 1592 3679 postquam
1605 3604 1642 3663 ds
1658 3607 1812 3681 metropoli

110 3701 209 3754 enim:
224 3697 480 3771 compostellanus
494 3697 827 3772 episcopusdiritiarum
847 3702 934 3768 atque
991 3693 1026 3750 ad
1043 3691 1278 3750 sublimationem
1295 3692 1431 3750 Ecclesia
1445 3700 1477 3753 Β.
1500 3695 1600 3753 iacobi
1622 3696 1811 3770 adipiscenda

112 3784 234 3844 honoris
245 3787 375 3844 cuimine
386 3786 500 3862 pollens
510 3787 670 3845 Romanam
684 3786 765 3844 liocei
777 3786 878 3857 pendit
888 3799 935 3841 ru·
991 3781 1811 3858 audiere,omnescumahbatsciuniaosnsi,cumepiscopo

112 3880 272 3934 riamcum
288 3880 367 3934 enim
382 3883 497 3933 tantum
510 3875 731 3949 quid,uidsiioet
738 3874 934 3949 archiepisco·
990 3867 1191 3936 Portunaleosi
1202 3871 1367 3945 antepedes
1378 3887 1459 3945 papae
1470 3875 1553 3946 proni
1563 3873 1809 3939 corrueruni,mi·-

109 3976 223 4039 patum,
239 3968 269 4024 in
284 3965 442 4023 Ecclesiam
458 3981 543 4023 suam
560 3965 710 4022 transierri
739 3962 936 4036 expostulata
991 3961 1174 4018 sericorditer
1188 3974 1292 4034 papam
1308 3962 1527 4034 interpellantes
1546 3967 1578 4021 ut
1601 3963 1759 4021 Ecclesiam
1776 3961 1810 4018 Β.

109 4055 230 4112 domino
246 4069 330 4127 papa,
347 4061 377 4112 et
392 4054 531 4113 invitatus
544 4062 575 4111 ut
588 4054 654 4125 eius
671 4053 802 4127 petitioni
817 4053 935 4109 satiata·
991 4048 1089 4107 Jacohi
1103 4050 1274 4107 smeerenet
1286 4049 1421 4122 dignetur
1431 4051 1681 4126 archiepiscopatu
1695 4055 1809 4109 decora·

109 4152 199 4210 aeret,
213 4143 361 4210 Remensi,
374 4143 499 4200 coneilio
512 4145 654 4200 interesse
667 4142 783 4208 uoluit;
798 4148 937 4212 praeterea
991 4139 1336 4212 reddtictuntqooqusa
1350 4141 1473 4212 pedihus
1488 4142 1582 4215 ipsius
1597 4159 1677 4214 pape
1692 4159 1723 4199 se
1751 4157 1808 4198 non

112 4248 279 4304 neopoppe
295 4249 345 4304 per
360 4234 465 4295 undas,
481 4245 536 4289 nea
551 4232 624 4303 pede
653 4248 703 4300 per
729 4231 872 4289 terrssad
889 4247 937 4301 pa·
990 4228 1124 4285 evulsum
1144 4228 1192 4294 iri,
1216 4226 1308 4285 denec
1336 4246 1397 4286 sua
1423 4231 1553 4302 petitioni
1581 4231 1808 4287 condescendat.

106 4338 179 4395 pam
189 4336 316 4391 septaes
326 4322 424 4378 venire
443 4320 590 4394 delegavit
604 4321 756 4391 3qsinimo
772 4324 936 4393 perportu·
991 4317 1060 4384 θυῖε
1073 4321 1135 4373 tam
1148 4319 1260 4374 terreus
1274 4320 1324 4390 qui
1340 4318 1455 4375 abbatis
1465 4317 1680 4389 cluniacensia,
1696 4319 1812 4390 episco-

110 4412 261 4486 gaienssm
272 4411 443 4483 episcopum
460 4413 596 4465 nundum
615 4423 703 4467 suum
730 4410 934 4467 Eraearen-em
993 4405 1022 4479 pi
1038 4405 1265 4479 portugalensis,
1282 4413 1488 4480 tantorumque
1504 4407 1679 4482 lirrrgundia
1701 4407 1813 4483 princi·

110 4500 409 4573 archiepiscopatum,
423 4497 546 4556 ahsente
570 4515 696 4571 persona
720 4515 784 4564 sua,
800 4497 931 4556 absenti·
945 4473 969 4555 li
984 4511 1055 4569 pum
1071 4495 1154 4552 humi
1171 4501 1396 4569 prostratorum,
1409 4501 1470 4551 tarn
1487 4495 1583 4564 dignis
1601 4499 1737 4571 poenibus
1751 4511 1810 4554 nnn

111 4587 474 4661 huseomprouineiaiihus
485 4585 641 4660 episcopis,
653 4588 765 4660 absque
775 4587 854 4660 regio
864 4603 936 4643 eon·
989 4584 1207 4659 acquiesceret?
1217 4585 1275 4658 ipsi
1290 4597 1407 4658 quoqne
1417 4584 1740 4653 cardinales,ohntxius
1754 4589 1810 4645 do·

110 4676 514 4749 sensuinssompostetlansm
539 4676 688 4733 transferri
712 4675 855 4749 efflagitat
882 4679 936 4733 Ec·
990 4673 1683 4746 minopapassuppiioanteanrantntEmeritana
1707 4685 1815 4736 metro·

111 4763 323 4837 clesiam,quod
340 4765 387 4820 rix
402 4781 508 4837 magna
522 4764 700 4830 hnmilitate.
711 4764 935 4837 magnoqusim·
991 4762 1105 4836 politia
1120 4763 1385 4835 Compoeteiiadsm
1407 4768 1616 4823 transterretur
1638 4767 1811 4826 Ecclesiam.

111 4862 227 4927 patrare
242 4855 349 4909 valeret
364 4851 712 4927 obsequiolpselquoque
726 4853 936 4928 Ceiiatuspapa
989 4853 1073 4909 'i'unc
1087 4850 1305 4925 papaeperiens
1316 4863 1349 4908 us
1359 4863 1446 4909 atrum
1456 4855 1545 4911 diait:
1557 4857 1765 4931 «sargttsmttt
1779 4857 1809 4911 in

111 4941 257 5013 apristini
285 4942 377 5012 gradu
404 4941 526 5011 amotist
542 4941 631 5014 ditem
661 4945 740 5000 circa
764 4944 934 5014 episcopum
989 4940 1106 4997 Christo
1119 4939 1296 4998 charissimi.
1313 4941 1443 5013 surgite;
1462 4957 1600 5015 magnum
1626 4945 1745 5016 quidem
1765 4945 1813 5000 eat

112 5030 142 5086 S.
156 5028 257 5084 iacobi
272 5027 425 5093 habuerat,
439 5028 653 5102 atimsnuspsr
666 5030 840 5086 decimabat.
990 5033 1066 5102 quod
1082 5029 1190 5101 petitis,
1206 5028 1256 5084 sed
1285 5028 1405 5101 dignum
1419 5036 1465 5085 eet
1492 5039 1524 5086 ut
1544 5032 1716 5102 impetretis.
1728 5033 1813 5088 Com·

151 5119 408 5177 verumenimvero
424 5119 588 5176 dilectionis
603 5122 697 5176 taedas
725 5123 801 5176 inter
823 5134 890 5178 eum
906 5124 936 5177 et
990 5118 1154 5190 posteiiana
1170 5118 1295 5174 Ecclesia
1311 5120 1535 5191 metropolitane
1550 5118 1739 5177 Emeritensis
1762 5119 1813 5177 Ec·

111 5208 331 5267 (liunramneem
346 5201 482 5264 abbatem
505 5209 625 5271 tectum,
654 5215 773 5264 causam
802 5215 934 5266 dostram
989 5207 1084 5265 alesin
1096 5206 1156 5263 lieo
1187 5213 1306 5263 auctore
1333 5209 1519 5264 decorabitur
1546 5207 1731 5281 dignitate.»
1748 5211 1809 5276 ttud

110 5297 292 5364 secundarit,
308 5304 337 5352 et
351 5296 483 5352 Ecclesia
513 5306 617 5352 nostras
646 5294 782 5352 utilitatis
806 5293 935 5353 lirrotum
989 5297 1089 5352 tudlto
1102 5295 1196 5368 surgit
1210 5296 1302 5352 abbas
1315 5296 1528 5364 cluniacensis,
1543 5297 1639 5368 surgit
1652 5297 1810 5370 episcopus

110 5388 270 5459 generavit.
287 5387 401 5441 etenim
417 5379 509 5440 ilibas
522 5375 727 5441 &iuhiaaensie
742 5385 843 5441 audita
869 5388 936 5441 por·
988 5384 1207 5455 portugalensis
1222 5393 1373 5440 surrexere
1386 5391 1414 5441 st
1428 5383 1477 5440 alti
1499 5384 1673 5458 Burgundios
1701 5388 1811 5459 princiss

112 5473 277 5546 tegulensis
286 5473 416 5546 episcopt
428 5471 542 5529 ratihm
549 5472 692 5528 tlttirtam
698 5481 806 5546 papam
815 5467 934 5542 attitqet
987 5485 1052 5547 pes,
1067 5475 1197 5532 amulam
1212 5469 1286 5545 pede
1299 5481 1382 5546 papas
1398 5473 1569 5546 gaudentes,
1584 5480 1674 5550 atque
1701 5477 1811 5552 gratias

111 5559 221 5622 sitilii:
232 5584 247 5614 a
261 5566 367 5622 precor
376 5557 621 5635 aqaemppttser
633 5557 822 5621 metitum
837 5555 932 5631 peter,
986 5566 1117 5636 mint
1131 5561 1283 5633 mot
1296 5561 1520 5623 montotto
1540 5562 1694 5640 antima
1710 5561 1811 5627 audtto
