3950 6034
153 251 211 313 tlt
711 246 887 314 adanam
908 236 1078 303 sentite
1099 234 1323 300 ‘rdtvlttttet's
1804 236 1872 296 tlt!
1970 244 1971 273 t

155 384 371 441 deindsrursua
382 382 659 456 demonstrabu‚per
670 380 894 441 similitudinem
905 375 986 431 illiue
999 373 1026 439 Α
1042 371 1188 427 Abrabam
1198 370 1233 426 de
1244 368 1306 426 lacu
1318 369 1438 426 edusiti
1449 366 1499 425 ubi
1509 369 1677 439 siquando,
1689 367 1734 422 vel
1742 366 1878 439 qualiter
1970 438 1971 453 χ

153 487 243 544 quam
259 477 342 528 tuem
358 474 432 529 dicis
448 488 511 530 esee
536 472 610 547 legis
637 473 739 548 Moysi.
764 465 988 528 cateanumeuts
1046 461 1104 516 huc
1120 458 1212 515 faciti

156 561 699 619 atrismaierEeclesiamaternsmin
727 561 866 619 omnibus
891 556 992 613 autea·
1080 548 1365 619 Cantemiiumjem
1390 545 1751 609 mortuusnssissbtitiue
1776 560 1877 603 meus.
1970 616 1971 623 ἵ

156 649 256 706 dinem
274 651 418 723 impendit
436 650 634 707 familiaritate
652 650 745 708 umiae
773 649 911 706 societate
939 645 990 699 ba·
1048 642 1122 699 ilnus
1134 656 1170 697 ex
1185 639 1325 696 militibus
1340 639 1436 695 mneea
1450 640 1524 696 tutus
1538 640 1599 710 ejus·
1613 640 1736 711 aperuit,
1757 643 1784 696 et
1801 655 1877 695 con-

158 741 248 813 nigna
262 739 444 812 collopuene,
460 747 552 814 atque
567 739 743 796 cohabitans
759 739 884 813 quisque
896 732 991 791 ildeii⁸
1046 732 1124 786 tiano
1136 729 1223 786 esicii
1236 732 1350 797 sanquis
1365 738 1390 785 et
1404 746 1476 801 aqua
1492 731 1584 789 (ioan.
1598 729 1667 802 xrs),
1684 729 1714 784 in
1731 727 1779 784 lllo
1800 745 1878 784 san-

158 829 506 886 doctriuselreautetiam
517 829 875 903 solidumSoripturarum
889 825 988 881 cibum
1046 822 1134 892 guina
1149 821 1314 875 testamenii
1332 819 1389 878 eui.
1407 820 1437 874 iu
1451 818 1502 874 itta
1517 834 1593 887 artua
1608 820 1687 874 socia
1714 818 1876 889 sanguinis

156 918 233 991 qnod
251 922 355 990 potest,
370 918 431 975 iltis
448 919 580 992 apponit,
596 926 622 975 et
639 936 706 976 oum
729 920 759 974 in
782 918 827 974 his
851 916 895 972 vel
925 913 991 973 aliis
1046 909 1092 965 sui
1107 909 1205 965 amisit
1219 908 1365 965 Abrabam
1377 914 1407 965 et
1422 924 1525 965 omnes
1540 908 1654 965 vinctos
1669 924 1739 964 suos
1753 910 1789 964 de
1802 907 1873 963 lacu

159 1008 305 1080 ejusmodi
320 1007 491 1065 ministeriis
503 1026 690 1066 eommunem
703 1003 992 1065 seordoeeclesiasll·
1044 998 1073 1055 in
1091 1017 1148 1070 qao
1165 1016 1221 1054 non
1238 1003 1301 1055 eret
1316 1014 1411 1071 aqua;
1428 1003 1457 1054 ei
1473 1000 1581 1054 iacltrm
1591 1001 1646 1062 est,
1659 1003 1690 1054 ut
1698 999 1761 1069 jam
1772 999 1878 1054 dictus

161 1113 212 1153 aas
227 1095 372 1165 exhibant,
390 1114 423 1154 ae
441 1103 539 1155 tamen
556 1099 591 1155 ud
604 1099 701 1172 ipsum
715 1096 805 1153 altare
816 1097 878 1169 ipae
891 1094 991 1166 singu»
1045 1089 1199 1144 Zacharias
1215 1088 1357 1160 propbeta
1373 1087 1526 1160 predixit:
1543 1089 1573 1145 ln
1590 1088 1640 1144 ttta
1664 1088 1708 1143 die
1732 1089 1785 1142 etii
1810 1090 1880 1148 icas

161 1185 231 1242 laris
247 1188 341 1243 sancti
358 1186 499 1243 sacrificii
516 1190 590 1244 ritus
606 1204 662 1244 non
679 1203 729 1244 eos
746 1185 887 1253 admittit,
901 1185 992 1240 donec
1043 1184 1142 1252 patens
1156 1179 1251 1235 domui
1279 1179 1380 1247 dauid,
1394 1180 1420 1235 ci
1435 1178 1626 1235 inabitantibus
1641 1179 1823 1242 Hierusalem,
1841 1181 1874 1233 ia

162 1274 326 1347 perficiatur
341 1276 368 1330 iu
385 1276 427 1333 eie
443 1287 659 1333 sacramentum
686 1274 762 1332 sacri
789 1272 988 1345 baptismatis,
1045 1268 1213 1324 obtritionem
1232 1270 1391 1339 peccatoris,
1417 1271 1443 1322 et
1465 1272 1653 1324 nienstruaire
1677 1268 1772 1338 (Zaob.
1798 1268 1876 1337 xtra).

159 1378 216 1434 qao
234 1362 366 1418 {unditus
383 1365 519 1435 expiatur
534 1363 650 1420 macula
679 1362 790 1436 pcccati
816 1360 987 1434 originalis;
1045 1357 1111 1413 Hae
1125 1364 1186 1412 erat
1202 1374 1270 1427 spes
1285 1356 1415 1425 illorum,
1431 1356 1509 1412 sicut
1523 1357 1874 1428 attestanturSariptures

162 1453 213 1507 eod
230 1457 259 1506 tu
274 1452 346 1508 forto
358 1469 461 1525 parram
474 1470 559 1508 curas
570 1453 604 1507 de
614 1450 989 1518 latusimilitudine,dieam
1045 1448 1185 1518 ipsorum.
1197 1446 1325 1517 lixempll
1337 1447 1448 1519 gratia:
1462 1447 1592 1518 Asperpes
1602 1447 1877 1518 me,inquitDavid,

161 1557 230 1613 ergo
241 1541 340 1609 aliam,
357 1541 434 1597 siout
445 1540 594 1617 proposui.
606 1541 754 1598 Mulierem
777 1542 989 1596 menstruatam
1045 1537 1160 1608 apsens
1175 1545 1201 1593 et
1211 1535 1381 1597 mundabor:
1395 1536 1503 1591 lavabis
1514 1539 1590 1591 meet
1600 1550 1686 1605 super
1697 1537 1789 1590 niuem
1799 1534 1881 1590 deot-

163 1631 199 1686 ub
214 1630 333 1686 introitu
351 1630 450 1702 templi
467 1632 510 1687 val
526 1630 627 1687 altaris
643 1630 797 1707 suspendit
813 1628 860 1685 lex
885 1627 989 1699 Moysi,
1045 1624 1230 1699 babor(l’sai.
1245 1625 1290 1698 nl:
1314 1629 1348 1679 iit
1376 1641 1427 1698 par
1451 1623 1631 1681 Ezechielem
1655 1624 1781 1694 loquitur
1809 1623 1878 1694 lpse

164 1718 987 1794 donectransactisdiebuslegitimisvonireiadtemplum
1004 1742 1028 1812 B
1048 1715 1208 1772 Dominus:
1225 1715 1257 1770 Et
1276 1713 1363 1770 scient
1375 1716 1469 1785 pentes
1490 1715 1556 1786 quia
1580 1729 1629 1783 epo
1654 1715 1787 1769 itaminus
1810 1726 1877 1767 rum

165 1823 231 1863 aum
246 1808 347 1864 hostiis
359 1809 580 1883 purificationis.
593 1810 761 1867 Secundum
773 1808 895 1879 priorem
909 1805 990 1861 simi·
1042 1808 1233 1878 sanctificatus
1244 1806 1325 1878 [uero
1340 1805 1369 1859 in
1385 1804 1459 1861 nobis
1473 1820 1569 1861 eornm
1584 1807 1642 1860 eis:
1661 1804 1762 1860 Toilam
1774 1807 1878 1875 quipus

163 1894 318 1953 titudinem
334 1902 362 1953 et
379 1897 524 1954 abranam
539 1907 567 1953 et
580 1915 682 1954 omnes
698 1898 793 1954 saneti
818 1896 931 1969 antiqui
947 1895 990 1953 sio
1044 1911 1088 1953 uos
1102 1897 1138 1952 de
1152 1894 1289 1965 porriitur,
1305 1897 1331 1950 et
1349 1894 1519 1966 oonprepabo
1532 1895 1567 1950 de
1581 1894 1720 1950 uniuersis
1733 1893 1829 1955 terris,
1844 1897 1875 1947 rt

163 1990 256 2054 eraut,
272 1986 354 2058 quael
370 1986 583 2057 catechumeni,
600 1992 629 2044 et
653 1987 723 2060 qnia
749 1986 881 2043 nondum
907 1989 992 2040 eraut
1043 1985 1180 2042 adducam
1193 2001 1237 2041 uos
1251 1987 1280 2039 in
1309 1993 1411 2039 terram
1431 1992 1559 2050 uestram,
1583 1991 1609 2039 et
1632 1984 1772 2057 effundam
1791 1999 1878 2055 super

163 2073 266 2146 abluti,
283 2092 340 2131 nou
356 2075 590 2132 admittebantur
614 2076 793 2147 sanctuario,
819 2075 879 2132 sive
906 2065 993 2130 attari
1044 2090 1211 2146 nosaspuam
1231 2075 1377 2139 mundam,
1403 2077 1430 2130 ei
1461 2072 1667 2128 mundabimini
1689 2073 1724 2128 ab
1747 2074 1878 2128 omnibus

163 2163 286 2232 coelesti,
304 2164 353 2220 ubi
369 2180 435 2220 vera
451 2168 480 2221 ct
495 2164 674 2237 sempiterna
700 2162 926 2221 communicatio
950 2165 995 2219 est
1045 2162 1264 2230 inquinamentis
1278 2164 1373 2220 vestris
1388 2162 1499 2235 (lineet
1512 2161 1620 2234 xxxva),
1631 2167 1686 2218 aie.
1700 2161 1771 2217 licea
1783 2162 1879 2217 habes

165 2252 230 2322 ipsa
242 2269 370 2323 precene
382 2253 516 2322 dulcedo,
528 2253 624 2310 dulcis
635 2255 791 2327 prasentia
803 2252 923 2308 visionis
932 2252 994 2319 ltei,
1047 2264 1246 2325 utrumqueex
1259 2252 1432 2308 auctoritaie
1442 2250 1657 2323 prophetica‚el
1671 2266 1777 2323 aquam
1790 2268 1880 2306 man

166 2341 995 2415 ut,seeundumpropositamaliamcxlegelioysialmi-
1047 2344 1113 2399 dam
1141 2343 1177 2398 ad
1201 2342 1416 2408 emundandos,
1442 2342 1616 2413 sanguinem
1642 2342 1809 2396 tastamenti
1839 2341 1877 2395 ad

168 2428 323 2488 illudinem
341 2436 529 2489 menstruatas
546 2430 861 2504 mulierie,boeipeum
873 2430 996 2489 demon·
1047 2430 1879 2503 emittendoevlnctosdelaouinquanoneelaqua.ltalia

167 2524 258 2576 elram
274 2519 337 2577 tibi.
353 2525 498 2578 Memento
514 2522 595 2594 prius
611 2522 681 2594 quia
696 2527 861 2579 sanctorum
875 2520 992 2577 illorum
1049 2520 1547 2595 quoquepraaterbaeupoterantdicl
1558 2520 1878 2593 addemonstrandum‚

170 2610 204 2666 de
222 2609 385 2667 notissimis
400 2628 476 2667 unus
490 2611 580 2669 isaiae
601 2611 673 2668 dixit
689 2613 740 2668 :Ei
757 2610 828 2683 [aeti
845 2628 939 2667 sumus
962 2617 993 2666 ut
1051 2613 1128 2687 quod
1145 2614 1361 2667 sacramentum
1379 2610 1518 2681 baptismi
1536 2608 1707 2682 profluentia
1727 2611 1762 2665 ds
1786 2610 1881 2666 intere

166 2697 327 2755 internuntios
342 2714 434 2757 ornnes
449 2716 508 2770 nos,
533 2706 560 2758 et
582 2703 666 2774 quasi
684 2716 796 2775 pannus
817 2704 999 2758 menstruatae
1051 2700 1170 2767 Christi,
1187 2705 1401 2756 sacramentum
1426 2698 1582 2770 sanguinis
1607 2716 1664 2774 quo
1689 2698 1878 2763 redimimur,

167 2789 443 2860 attinersaejumttn
457 2800 557 2850 nostra
582 2792 649 2863 (teu.
675 2794 762 2857 nxrv).
790 2790 824 2846 tat
846 2788 1000 2847 Zachariae
1051 2786 1605 2861 sacramentumeoumquaabluimur,
1614 2804 1716 2845 omnes
1726 2787 1813 2844 iidem
1826 2788 1880 2844 ba·

168 2878 309 2949 propheta
326 2878 418 2935 dixit:
433 2882 464 2936 ln
479 2879 527 2936 die
548 2878 601 2936 iiia
624 2883 678 2937 erit
706 2884 766 2949 inas
786 2887 881 2953 pateas
906 2879 1002 2939 domui
1053 2880 1156 2938 beatos
1172 2880 1247 2936 beati
1265 2878 1389 2934 seminis
1404 2877 1526 2934 Abrabae
1542 2878 1653 2934 seilicet
1676 2876 1794 2945 Christi,
1819 2894 1879 2933 non

166 2967 264 3031 david,
278 2970 305 3024 et
320 2967 512 3024 actitantium
526 2968 557 3024 in
573 2968 763 3037 Hierusalem,
779 2968 810 3024 ia
826 2969 1000 3024 attattansm
1054 2976 1098 3028 est
1113 2969 1178 3027 novi
1194 2966 1308 3025 consilli
1324 2993 1332 3036 ;
1347 2968 1398 3024 aed
1415 2968 1584 3040 priusquam
1604 2967 1694 3038 llarat,
1712 2967 1741 3023 in
1757 2970 1881 3039 antiquo

168 3056 329 3127 peccatoris,
342 3059 367 3112 el
382 3061 567 3114 nienstruatae
583 3056 675 3128 (Zacb.
691 3056 765 3129 xta).
781 3058 871 3129 igitur
886 3073 997 3113 secun·
1055 3064 1117 3116 erat
1133 3058 1280 3132 proposito
1295 3057 1435 3114 creaioris
1450 3062 1479 3113 et
1493 3056 1645 3113 salvatoris
1658 3056 1748 3113 nostri
1761 3056 1824 3112 Dei.

168 3117 1043 3220 dumsimilitudinembanaquanlsmlustitiatogisque·c
1090 3146 1307 3221 loo.Nunqnid
1334 3148 1458 3219 sanguis
1487 3144 1881 3219 lila,qnemdleis,ininier·

168 3234 192 3289 si
205 3248 321 3304 pannus
337 3240 522 3290 menstruata
536 3236 600 3303 iuli,
612 3236 704 3291 donec
715 3246 816 3309 patens
831 3237 913 3292 lleret
927 3236 999 3294 lons
1054 3255 1123 3294 num
1134 3234 1307 3293 descendit?
1320 3239 1371 3291 aui
1382 3234 1551 3307 uquaillain
1565 3236 1661 3291 laetam
1675 3234 1768 3302 iilum,
1781 3236 1882 3291 nescio

168 3322 274 3378 doinus
289 3321 380 3378 David
397 3324 554 3381 concedere
568 3331 597 3381 et
612 3331 726 3399 oportet
737 3327 826 3400 quod,
838 3326 916 3381 sieut
929 3342 1000 3382 mu·
1052 3345 1152 3401 quern,
1168 3327 1197 3382 iu
1214 3343 1270 3400 quo
1286 3343 1345 3383 non
1360 3330 1421 3381 erat
1432 3340 1519 3398 aqua,
1532 3325 1660 3398 produit,
1672 3330 1814 3397 tantaque
1827 3325 1881 3380 init

169 3411 223 3466 lior
237 3414 418 3483 menstruata
433 3414 599 3470 secundum
617 3416 710 3486 legem
723 3412 999 3470 arcebaturllmiui·
1051 3418 1215 3483 inundatio,
1231 3414 1290 3472 siva
1302 3415 1482 3472 abundantia
1494 3413 1571 3469 iilius
1583 3430 1663 3482 apua
1674 3418 1703 3471 et
1715 3414 1881 3486 sanguinis,

171 3500 227 3555 bus
242 3500 345 3567 sacris,
362 3503 451 3555 donee
467 3504 624 3559 transactis
639 3505 699 3560 sive
714 3501 867 3577 completis
893 3504 1000 3560 dicbus
1052 3511 1085 3563 ut
1099 3506 1182 3562 ilium
1199 3521 1317 3562 omnem
1335 3504 1470 3577 populum
1489 3504 1676 3576 pertenderet
1693 3513 1780 3576 atque
1796 3502 1882 3558 ablu·

173 3589 357 3661 purgationis
371 3590 483 3648 veniret
498 3608 564 3647 cum
580 3592 782 3650 oblationibus
800 3592 941 3665 legitimis
958 3594 1000 3651 ita
1051 3602 1122 3666 eret,
1139 3596 1174 3652 ad
1190 3612 1274 3667 quem
1292 3597 1487 3667 congregatus
1502 3598 1547 3649 est
1563 3601 1642 3665 pater
1657 3593 1878 3655 Abraban1,eui

167 3677 283 3747 justum
299 3681 361 3733 erat
387 3681 420 3734 ut
444 3679 537 3735 saneti
566 3681 609 3735 val
632 3681 704 3752 justi
730 3698 841 3750 onnes,
867 3698 998 3755 querum
1052 3680 1880 3758 appositusisaac,adquemapposituseatiacob,cujus

166 3765 283 3838 justitia
298 3769 425 3840 proiecto
442 3765 613 3841 imperiecta
629 3781 698 3843 orat,
713 3771 784 3827 luris
795 3772 1000 3829 excubareuta
1052 3778 1131 3830 tauta
1148 3771 1377 3843 multitudojam
1394 3768 1451 3826 tuit
1465 3769 1565 3825 diebus
1582 3769 1683 3843 ilupai,
1699 3776 1732 3825 ut
1743 3771 1799 3825 diei
1812 3786 1881 3841 pos-

166 3855 333 3913 aauciuario
349 3856 413 3913 emti
430 3865 458 3913 et
473 3857 596 3915 visionis
613 3858 673 3927 Dal,
693 3858 784 3917 donea
808 3862 919 3917 veniret
944 3860 996 3918 ille
1052 3867 1118 3919 eant
1133 3859 1284 3933 pluraliter
1300 3859 1413 3932 populi,
1435 3858 1511 3915 sicut
1533 3857 1648 3915 locatus
1677 3858 1820 3914 liomlnus
1842 3859 1878 3914 ad

167 3944 438 4017 quimeoatruatam
448 3947 659 4021 ablueret,qul‚
669 3947 912 4007 sioutPsalmista
924 3948 999 4009 dixti
1055 3950 1170 4026 Moysen
1190 3950 1219 4005 in
1236 3952 1335 4004 niente
1349 3952 1425 4004 Hor:
1444 3948 1669 4021 Perpatinquit,
1681 3949 1769 4003 Aaron
1781 3948 1822 4004 ad
1832 3965 1880 4020 po·

168 4050 235 4091 cum
246 4035 284 4089 sit
293 4033 452 4106 legislator,
460 4035 869 4110 benedictonemdaretii'sai.
881 4022 998 4099 urrini
1049 4040 1130 4113 pulos
1140 4055 1201 4095 suos
1213 4041 1227 4092 i
1241 4038 1331 4111 (Num.
1349 4036 1407 4108 nx.)
1423 4037 1537 4102 Quanta
1552 4041 1638 4109 patae
1649 4037 1786 4110 deinceps
1797 4037 1878 4093 illius

205 4124 272 4180 Juu.
290 4126 324 4179 iit
338 4124 402 4192 ouis
418 4129 463 4181 est
477 4124 551 4181 illc‘i
1052 4128 1150 4203 populi
1170 4129 1232 4184 aive
1244 4124 1360 4182 illorum
1377 4126 1552 4200 populorum
1565 4127 1726 4183 multitudo
1740 4127 1794 4182 iuit
1805 4132 1880 4183 tem·

205 4213 323 4270 Caesar.
339 4212 391 4270 llle
406 4212 560 4285 nimirum,
577 4215 623 4271 eui
639 4215 941 4288 prophetaZaoburlas
956 4221 1000 4277 di·
1053 4217 1173 4291 poribus
1188 4216 1290 4282 David,
1300 4215 1417 4288 quando
1429 4214 1565 4271 dormivit
1576 4231 1643 4271 eum
1659 4215 1878 4287 [retribuendis

168 4302 229 4358 xit:
246 4302 283 4357 Tu
297 4316 403 4374 quaque
417 4304 448 4357 ia
470 4305 607 4373 sanquine
628 4304 788 4362 testamenti
810 4308 855 4363 tui
878 4309 1000 4367 emisisti
1053 4325 1140 4381 quem
1157 4307 1266 4364 dixisse
1281 4305 1442 4362 meministi
1463 4308 1492 4361 et
1518 4305 1627 4361 dixisse
1651 4310 1737 4378 pates
1759 4306 1796 4361 de
1820 4306 1879 4362 ba-

169 4391 272 4446 vinatos
286 4394 346 4447 tuos
360 4390 393 4448 de
405 4391 468 4448 mort
480 4391 509 4448 in
525 4408 577 4463 quo
589 4408 644 4449 aon
660 4403 700 4450 est
714 4411 789 4468 apua
803 4394 895 4465 (Zaeb.
910 4399 959 4469 rx).
1052 4399 1160 4473 ptismo
1176 4402 1226 4453 tuo
1239 4413 1245 4453 :
1259 4402 1387 4469 Asperpes
1396 4411 1439 4451 sne
1448 4394 1573 4467 hyssopo,
1585 4395 1774 4452 etmundabor
1785 4421 1792 4463 ;
1804 4396 1881 4453 iano·

205 4482 272 4535 ³⁰⁰·
286 4479 322 4533 Ei
333 4480 397 4549 *luis
412 4485 456 4536 esi
476 4479 549 4536 illei
1010 4480 1032 4546 [l
1050 4488 1089 4543 bis
1105 4503 1158 4554 me,
1173 4496 1199 4543 et
1211 4501 1294 4557 saper
1308 4487 1399 4542 nivem
1424 4483 1598 4541 dealbabor!
1621 4483 1754 4555 Amplius
1781 4489 1878 4540 autem

207 4566 323 4622 Canrsr.
340 4566 472 4625 Hroieeto
488 4571 536 4626 ills
552 4571 613 4643 qui,
630 4589 697 4627 eum
713 4573 823 4630 veniret
834 4570 999 4651 Hierosoly·
1054 4576 1171 4647 quando
1185 4579 1272 4633 iesus
1287 4572 1336 4629 ille
1348 4573 1481 4630 Christus
1496 4572 1881 4630 tuuscruoldxusetlaucea

171 4671 250 4711 mem
267 4656 438 4725 sanpuluem
451 4658 571 4716 iusurus
583 4664 751 4717 testamenii
763 4662 809 4718 sni
821 4665 900 4721 dedit
911 4684 1000 4738 super
1054 4682 1212 4738 percussus
1231 4663 1418 4736 sanguinem,
1435 4668 1467 4719 nt
1482 4662 1567 4729 dicis,
1586 4664 1615 4717 et
1629 4678 1717 4734 quam
1725 4663 1788 4734 jam
1801 4680 1882 4720 mor·

171 4744 285 4800 asinam
300 4744 359 4800 slva
374 4762 463 4816 super
478 4744 591 4818 pultum
606 4747 706 4819 asina,
731 4766 796 4807 vere
818 4760 1000 4825 contemptor
1054 4759 1123 4811 tuus
1134 4753 1267 4811 delatere
1278 4750 1431 4820 suoludit3
1443 4754 1625 4824 quantaerat
1637 4750 1883 4810 multitudoiliius

171 4833 308 4891 vanitatis
322 4832 432 4903 saculi,
449 4852 515 4891 vere
531 4835 622 4904 mitis,
640 4841 668 4893 et
684 4834 805 4897 humilis
829 4842 926 4900 corde.
952 4845 999 4902 Sic
1054 4843 1166 4917 populi,
1183 4846 1312 4914 quantus
1323 4850 1420 4899 autem
1436 4842 1490 4898 luit
1504 4841 1583 4897 rivos
1596 4843 1750 4914 sanguinis
1761 4843 1843 4899 itlius
1855 4854 1882 4901 et

172 4925 251 4980 enim
268 4920 440 4996 promiserat
453 4923 529 4980 idem
546 4926 706 4998 propheta:
722 4929 1000 5004 anianaemerito
1054 4930 1398 5007 aquae,utomuemillam
1409 4930 1627 4986 multitudinem
1637 4931 1884 4990 tarareauasuili·

173 5014 239 5071 Sion
257 5028 264 5081 ;
273 5012 384 5085 judita,
400 5011 461 5084 tilia
476 5014 661 5086 Hierusalem,
675 5032 737 5074 eece
757 5036 809 5075 reu
833 5024 896 5077 tuas
924 5024 1000 5079 uenit
1054 5026 1132 5079 cerat
1146 5018 1364 5077 inundatione?

172 5104 222 5159 tibi
235 5105 323 5169 iustus
338 5111 364 5158 et
377 5101 513 5169 salrator,
530 5104 587 5174 ipse
605 5120 716 5176 pauper
741 5108 890 5164 ascendens
917 5126 1002 5183 super
1090 5110 1204 5166 Cramer.
1221 5108 1291 5164 Nulo
1307 5107 1336 5163 in
1352 5106 1495 5181 sanguine
1511 5106 1560 5163 illu
1576 5111 1606 5164 et
1620 5124 1696 5179 aque
1708 5108 1759 5165 iliu
1784 5109 1882 5167 solum

173 5194 293 5260 asinam,
307 5200 333 5248 et
348 5206 431 5263 super
453 5190 566 5263 pullum
591 5194 683 5262 titum
706 5197 800 5259 asinae,
824 5207 849 5251 et
875 5197 1001 5269 loquetur
1055 5196 1127 5254 illud
1142 5199 1278 5254 attendas
1294 5198 1371 5270 quod
1389 5197 1502 5254 visibila
1521 5198 1587 5265 luit,
1604 5201 1654 5254 sed
1671 5215 1789 5256 cerream
1806 5199 1886 5257 illius

171 5295 266 5351 pacem
281 5280 407 5350 pentibus
423 5280 527 5353 (itta),
544 5286 572 5337 et
594 5298 673 5338 nunc
700 5283 819 5339 demum
844 5285 879 5340 ad
902 5286 998 5356 ipsum
1054 5287 1217 5352 effusionis,
1228 5287 1423 5359 virtutemque
1435 5286 1624 5356 invisibilem,
1635 5305 1722 5359 quarn
1736 5290 1884 5347 stistinere

177 5383 335 5423 conversus
345 5386 352 5425 τ
364 5369 399 5425 Ta
411 5385 517 5442 qrropue
527 5373 556 5425 in
567 5372 711 5441 sanquine,
722 5371 830 5443 inquit,
841 5376 1002 5431 testamenti
1055 5393 1113 5431 non
1129 5393 1216 5448 posse
1232 5375 1361 5432 mundus
1376 5376 1523 5431 clamavit.
1535 5376 1686 5447 Siquidem
1699 5378 1795 5434 oannis
1807 5382 1884 5436 terra

178 5458 219 5511 tui
233 5454 353 5510 emisisti
367 5459 472 5513 uinctos
487 5462 547 5514 tuos
561 5458 594 5514 dc
611 5454 684 5523 tacu,
694 5461 723 5515 in
736 5477 790 5532 pue
800 5476 855 5515 nor
866 5471 905 5518 est
916 5481 998 5537 apua.
1057 5466 1187 5540 tremuit,
1203 5471 1232 5521 et
1248 5470 1333 5536 petra
1349 5465 1448 5522 scissa
1463 5473 1542 5535 snut,
1568 5472 1757 5522 monumenta
1780 5478 1883 5539 aperta

212 5543 402 5614 iun.ltrgoue
412 5544 548 5603 christus
558 5545 731 5618 tuuslpsurn
741 5554 854 5621 putrem
867 5558 998 5611 nostrum
1056 5560 1127 5611 sunt
1141 5560 1170 5611 et
1185 5556 1278 5611 multa
1296 5570 1418 5626 corpora
1441 5558 1611 5611 sanctorum
1635 5555 1686 5626 qui
1701 5556 1883 5614 dormierant
