<?xml version="1.0" encoding="UTF-8"?>
<!DOCTYPE html PUBLIC "-//W3C//DTD XHTML 1.0 Transitional//EN"
    "http://www.w3.org/TR/xhtml1/DTD/xhtml1-transitional.dtd">
<html xmlns="http://www.w3.org/1999/xhtml" xml:lang="en" lang="en">
 <head>
  <title>
</title>
<meta http-equiv="Content-Type" content="text/html;charset=utf-8" />
  <meta name='ocr-system' content='tesseract 3.04.00' />
  <meta name='ocr-capabilities' content='ocr_page ocr_carea ocr_par ocr_line ocrx_word'/>
</head>
<body>
  <div class='ocr_page' id='page_1' title='image "./patrologiaecurs119unkngoog/patrologiaecurs119unkngoog_0372.png"; bbox 0 0 3950 6034; ppageno 0'>
   <div class='ocr_carea' id='block_1_1' title="bbox 159 243 1879 316">
    <p class='ocr_par' dir='ltr' id='par_1_1' title="bbox 159 243 1879 316">
     <span class='ocr_line' id='line_1_1' title="bbox 159 243 1879 316; baseline -0.002 -2"><span class='ocrx_word' id='word_1_1' title='bbox 159 252 228 314; x_wconf 68' lang='lat' dir='ltr'><strong>‘uae</strong></span> <span class='ocrx_word' id='word_1_2' title='bbox 397 251 571 315; x_wconf 71' lang='lat' dir='ltr'><strong>enecuit</strong></span> <span class='ocrx_word' id='word_1_3' title='bbox 592 251 760 316; x_wconf 77' lang='lat' dir='ltr'><strong>aeutms</strong></span> <span class='ocrx_word' id='word_1_4' title='bbox 780 247 1003 314; x_wconf 74' lang='lat' dir='ltr'><strong>uuttlddsls</strong></span> <span class='ocrx_word' id='word_1_5' title='bbox 1019 243 1206 308; x_wconf 78' lang='lat' dir='ltr'><strong>duuuNtd.</strong></span> <span class='ocrx_word' id='word_1_6' title='bbox 1228 248 1261 309; x_wconf 85' lang='lat' dir='ltr'><strong>S.</strong></span> <span class='ocrx_word' id='word_1_7' title='bbox 1284 245 1498 310; x_wconf 80' lang='lat' dir='ltr'><strong>LAUREN&#39;I&#39;H</strong></span> <span class='ocrx_word' id='word_1_8' title='bbox 1522 247 1636 311; x_wconf 75' lang='lat' dir='ltr'><strong>teob.</strong></span> <span class='ocrx_word' id='word_1_9' title='bbox 1821 249 1879 310; x_wconf 76' lang='lat' dir='ltr'><strong>rot</strong></span> 
     </span>
    </p>
   </div>
   <div class='ocr_carea' id='block_1_2' title="bbox 163 379 1957 5367">
    <p class='ocr_par' dir='ltr' id='par_1_2' title="bbox 163 379 1957 5367">
     <span class='ocr_line' id='line_1_2' title="bbox 168 379 1957 457; baseline -0.002 -16"><span class='ocrx_word' id='word_1_10' title='bbox 168 385 235 456; x_wconf 84' lang='lat' dir='ltr'><strong>gilla</strong></span> <span class='ocrx_word' id='word_1_11' title='bbox 252 383 405 441; x_wconf 85' lang='lat' dir='ltr'><strong>nativitatis</strong></span> <span class='ocrx_word' id='word_1_12' title='bbox 421 386 532 443; x_wconf 86' lang='lat' dir='ltr'><strong>bomini</strong></span> <span class='ocrx_word' id='word_1_13' title='bbox 547 387 621 456; x_wconf 80' lang='lat' dir='ltr'><strong>(Dae.</strong></span> <span class='ocrx_word' id='word_1_14' title='bbox 638 388 773 457; x_wconf 70' lang='lat' dir='ltr'><strong>24);sed</strong></span> <span class='ocrx_word' id='word_1_15' title='bbox 802 385 890 443; x_wconf 87' lang='lat' dir='ltr'><strong>nichil</strong></span> <span class='ocrx_word' id='word_1_16' title='bbox 909 380 1206 454; x_wconf 72' lang='lat' dir='ltr'><strong>ageraAcraetinnm</strong></span> <span class='ocrx_word' id='word_1_17' title='bbox 1229 379 1354 437; x_wconf 87' lang='lat' dir='ltr'><strong>induciis</strong></span> <span class='ocrx_word' id='word_1_18' title='bbox 1391 379 1559 451; x_wconf 68' lang='lat' dir='ltr'><strong>impetratis,</strong></span> <span class='ocrx_word' id='word_1_19' title='bbox 1587 380 1699 439; x_wconf 87' lang='lat' dir='ltr'><strong>locutus</strong></span> <span class='ocrx_word' id='word_1_20' title='bbox 1726 389 1775 439; x_wconf 88' lang='lat' dir='ltr'><strong>est</strong></span> <span class='ocrx_word' id='word_1_21' title='bbox 1811 395 1878 439; x_wconf 90' lang='lat' dir='ltr'><strong>cum</strong></span> <span class='ocrx_word' id='word_1_22' title='bbox 1956 427 1957 438; x_wconf 44' lang='lat' dir='ltr'><strong>r</strong></span> 
     </span>
     <span class='ocr_line' id='line_1_3' title="bbox 168 469 1957 547; baseline -0.001 -17"><span class='ocrx_word' id='word_1_23' title='bbox 168 473 530 546; x_wconf 82' lang='lat' dir='ltr'><strong>attemptarit,prinsqnam</strong></span> <span class='ocrx_word' id='word_1_24' title='bbox 560 477 671 533; x_wconf 78' lang='lat' dir='ltr'><strong>insede</strong></span> <span class='ocrx_word' id='word_1_25' title='bbox 698 493 749 532; x_wconf 88' lang='lat' dir='ltr'><strong>sna</strong></span> <span class='ocrx_word' id='word_1_26' title='bbox 772 476 928 547; x_wconf 86' lang='lat' dir='ltr'><strong>episcopali</strong></span> <span class='ocrx_word' id='word_1_27' title='bbox 948 475 994 531; x_wconf 92' lang='lat' dir='ltr'><strong>be·</strong></span> <span class='ocrx_word' id='word_1_28' title='bbox 1047 469 1371 528; x_wconf 87' lang='lat' dir='ltr'><strong>senioribusmcnuobia</strong></span> <span class='ocrx_word' id='word_1_29' title='bbox 1394 469 1566 542; x_wconf 88' lang='lat' dir='ltr'><strong>qeipartem</strong></span> <span class='ocrx_word' id='word_1_30' title='bbox 1591 472 1654 542; x_wconf 84' lang='lat' dir='ltr'><strong>ejus</strong></span> <span class='ocrx_word' id='word_1_31' title='bbox 1680 471 1829 538; x_wconf 82' lang='lat' dir='ltr'><strong>laverant,</strong></span> <span class='ocrx_word' id='word_1_32' title='bbox 1853 481 1882 528; x_wconf 89' lang='lat' dir='ltr'><strong>et</strong></span> <span class='ocrx_word' id='word_1_33' title='bbox 1956 495 1957 510; x_wconf 52' lang='lat' dir='ltr'><strong>t</strong></span> 
     </span>
     <span class='ocr_line' id='line_1_4' title="bbox 170 557 1880 636; baseline 0.003 -16"><span class='ocrx_word' id='word_1_34' title='bbox 170 566 332 621; x_wconf 88' lang='lat' dir='ltr'><strong>nediotione</strong></span> <span class='ocrx_word' id='word_1_35' title='bbox 347 565 575 620; x_wconf 82' lang='lat' dir='ltr'><strong>confirmaretur.</strong></span> <span class='ocrx_word' id='word_1_36' title='bbox 600 566 754 622; x_wconf 70' lang='lat' dir='ltr'>Ordinatur</span> <span class='ocrx_word' id='word_1_37' title='bbox 776 582 845 636; x_wconf 83' lang='lat' dir='ltr'><strong>ergo</strong></span> <span class='ocrx_word' id='word_1_38' title='bbox 869 565 994 622; x_wconf 85' lang='lat' dir='ltr'><strong>Coloniae</strong></span> <span class='ocrx_word' id='word_1_39' title='bbox 1048 557 1169 616; x_wconf 77' lang='lat' dir='ltr'><strong>conficta</strong></span> <span class='ocrx_word' id='word_1_40' title='bbox 1185 574 1240 630; x_wconf 74' lang='lat' dir='ltr'><strong>quc</strong></span> <span class='ocrx_word' id='word_1_41' title='bbox 1259 559 1350 632; x_wconf 84' lang='lat' dir='ltr'><strong>potuit</strong></span> <span class='ocrx_word' id='word_1_42' title='bbox 1371 559 1589 629; x_wconf 61' lang='lat' dir='ltr'><strong>purgationem</strong></span> <span class='ocrx_word' id='word_1_43' title='bbox 1612 562 1756 618; x_wconf 66' lang='lat' dir='ltr'><strong>(liciorum</strong></span> <span class='ocrx_word' id='word_1_44' title='bbox 1781 561 1880 618; x_wconf 66' lang='lat' dir='ltr'><strong>mio·</strong></span> 
     </span>
     <span class='ocr_line' id='line_1_5' title="bbox 170 647 1880 725; baseline 0.004 -18"><span class='ocrx_word' id='word_1_45' title='bbox 170 654 261 724; x_wconf 76' lang='lat' dir='ltr'><strong>primo</strong></span> <span class='ocrx_word' id='word_1_46' title='bbox 277 653 482 724; x_wconf 77' lang='lat' dir='ltr'><strong>purificationis</strong></span> <span class='ocrx_word' id='word_1_47' title='bbox 497 654 587 711; x_wconf 74' lang='lat' dir='ltr'><strong>beate</strong></span> <span class='ocrx_word' id='word_1_48' title='bbox 603 656 706 724; x_wconf 75' lang='lat' dir='ltr'><strong>tiaris,</strong></span> <span class='ocrx_word' id='word_1_49' title='bbox 716 655 812 725; x_wconf 77' lang='lat' dir='ltr'><strong>ibique</strong></span> <span class='ocrx_word' id='word_1_50' title='bbox 827 655 938 711; x_wconf 78' lang='lat' dir='ltr'><strong>firmata</strong></span> <span class='ocrx_word' id='word_1_51' title='bbox 952 662 994 711; x_wconf 86' lang='lat' dir='ltr'><strong>est</strong></span> <span class='ocrx_word' id='word_1_52' title='bbox 1048 663 1110 705; x_wconf 86' lang='lat' dir='ltr'><strong>rum</strong></span> <span class='ocrx_word' id='word_1_53' title='bbox 1125 655 1251 704; x_wconf 80' lang='lat' dir='ltr'><strong>armatas</strong></span> <span class='ocrx_word' id='word_1_54' title='bbox 1265 647 1443 719; x_wconf 81' lang='lat' dir='ltr'><strong>ostensione,</strong></span> <span class='ocrx_word' id='word_1_55' title='bbox 1464 651 1612 706; x_wconf 70' lang='lat' dir='ltr'><strong>meantime</strong></span> <span class='ocrx_word' id='word_1_56' title='bbox 1628 657 1657 705; x_wconf 83' lang='lat' dir='ltr'><strong>aa</strong></span> <span class='ocrx_word' id='word_1_57' title='bbox 1676 652 1724 722; x_wconf 86' lang='lat' dir='ltr'><strong>qui</strong></span> <span class='ocrx_word' id='word_1_58' title='bbox 1754 648 1880 707; x_wconf 77' lang='lat' dir='ltr'><strong>ansehn</strong></span> 
     </span>
     <span class='ocr_line' id='line_1_6' title="bbox 170 736 1882 816; baseline -0.001 -19"><span class='ocrx_word' id='word_1_59' title='bbox 170 745 310 798; x_wconf 88' lang='lat' dir='ltr'><strong>sententia</strong></span> <span class='ocrx_word' id='word_1_60' title='bbox 325 751 454 815; x_wconf 90' lang='lat' dir='ltr'><strong>oportere</strong></span> <span class='ocrx_word' id='word_1_61' title='bbox 469 744 565 814; x_wconf 87' lang='lat' dir='ltr'><strong>perlici</strong></span> <span class='ocrx_word' id='word_1_62' title='bbox 582 744 994 816; x_wconf 58' lang='lat' dir='ltr'><strong>regislmperinmdomtow,</strong></span> <span class='ocrx_word' id='word_1_63' title='bbox 1048 745 1163 794; x_wconf 86' lang='lat' dir='ltr'><strong>noceret</strong></span> <span class='ocrx_word' id='word_1_64' title='bbox 1184 738 1287 795; x_wconf 89' lang='lat' dir='ltr'><strong>adhuc.</strong></span> <span class='ocrx_word' id='word_1_65' title='bbox 1313 736 1370 809; x_wconf 90' lang='lat' dir='ltr'><strong>ipsi</strong></span> <span class='ocrx_word' id='word_1_66' title='bbox 1396 739 1475 795; x_wconf 89' lang='lat' dir='ltr'><strong>enim</strong></span> <span class='ocrx_word' id='word_1_67' title='bbox 1501 738 1678 810; x_wconf 86' lang='lat' dir='ltr'><strong>trepidabant</strong></span> <span class='ocrx_word' id='word_1_68' title='bbox 1696 739 1805 796; x_wconf 87' lang='lat' dir='ltr'><strong>timore</strong></span> <span class='ocrx_word' id='word_1_69' title='bbox 1830 737 1882 796; x_wconf 92' lang='lat' dir='ltr'><strong>nhl</strong></span> 
     </span>
     <span class='ocr_line' id='line_1_7' title="bbox 169 825 1879 904; baseline 0.001 -20"><span class='ocrx_word' id='word_1_70' title='bbox 169 831 224 901; x_wconf 68' lang='lat' dir='ltr'><strong>[ed.</strong></span> <span class='ocrx_word' id='word_1_71' title='bbox 254 831 289 902; x_wconf 81' lang='lat' dir='ltr'><strong>l).</strong></span> <span class='ocrx_word' id='word_1_72' title='bbox 314 832 439 904; x_wconf 80' lang='lat' dir='ltr'><strong>Cumque</strong></span> <span class='ocrx_word' id='word_1_73' title='bbox 460 833 590 901; x_wconf 75' lang='lat' dir='ltr'><strong>redisset,</strong></span> <span class='ocrx_word' id='word_1_74' title='bbox 616 838 732 891; x_wconf 86' lang='lat' dir='ltr'><strong>evocato</strong></span> <span class='ocrx_word' id='word_1_75' title='bbox 761 834 867 889; x_wconf 87' lang='lat' dir='ltr'><strong>domno</strong></span> <span class='ocrx_word' id='word_1_76' title='bbox 889 834 992 889; x_wconf 79' lang='lat' dir='ltr'><strong>lieren·</strong></span> <span class='ocrx_word' id='word_1_77' title='bbox 1050 841 1110 884; x_wconf 86' lang='lat' dir='ltr'><strong>non</strong></span> <span class='ocrx_word' id='word_1_78' title='bbox 1125 835 1183 883; x_wconf 88' lang='lat' dir='ltr'><strong>eret</strong></span> <span class='ocrx_word' id='word_1_79' title='bbox 1197 825 1417 895; x_wconf 89' lang='lat' dir='ltr'><strong>timor,scilicet</strong></span> <span class='ocrx_word' id='word_1_80' title='bbox 1440 842 1477 884; x_wconf 90' lang='lat' dir='ltr'><strong>nc</strong></span> <span class='ocrx_word' id='word_1_81' title='bbox 1498 827 1523 883; x_wconf 90' lang='lat' dir='ltr'><strong>si</strong></span> <span class='ocrx_word' id='word_1_82' title='bbox 1546 828 1668 884; x_wconf 88' lang='lat' dir='ltr'><strong>domnus</strong></span> <span class='ocrx_word' id='word_1_83' title='bbox 1692 827 1879 902; x_wconf 86' lang='lat' dir='ltr'><strong>Berengerus</strong></span> 
     </span>
     <span class='ocr_line' id='line_1_8' title="bbox 170 912 1878 993; baseline 0.005 -19"><span class='ocrx_word' id='word_1_84' title='bbox 170 920 574 989; x_wconf 86' lang='lat' dir='ltr'><strong>gerocoramomniclaroet</strong></span> <span class='ocrx_word' id='word_1_85' title='bbox 599 922 702 993; x_wconf 91' lang='lat' dir='ltr'><strong>populo</strong></span> <span class='ocrx_word' id='word_1_86' title='bbox 725 921 894 993; x_wconf 89' lang='lat' dir='ltr'><strong>cunctisque</strong></span> <span class='ocrx_word' id='word_1_87' title='bbox 913 936 995 991; x_wconf 83' lang='lat' dir='ltr'><strong>pene</strong></span> <span class='ocrx_word' id='word_1_88' title='bbox 1048 912 1136 971; x_wconf 84' lang='lat' dir='ltr'><strong>abtas</strong></span> <span class='ocrx_word' id='word_1_89' title='bbox 1167 922 1363 980; x_wconf 73' lang='lat' dir='ltr'><strong>reverteretur·</strong></span> <span class='ocrx_word' id='word_1_90' title='bbox 1388 915 1419 971; x_wconf 77' lang='lat'><strong>¹¹1</strong></span> <span class='ocrx_word' id='word_1_91' title='bbox 1447 914 1534 987; x_wconf 63' lang='grc'><strong>19808,</strong></span> <span class='ocrx_word' id='word_1_92' title='bbox 1563 915 1629 989; x_wconf 68' lang='lat' dir='ltr'><strong>quit</strong></span> <span class='ocrx_word' id='word_1_93' title='bbox 1660 919 1878 990; x_wconf 68' lang='lat' dir='ltr'><strong>quodtfflmudo</strong></span> 
     </span>
     <span class='ocr_line' id='line_1_9' title="bbox 171 1005 1879 1081; baseline 0.002 -19"><span class='ocrx_word' id='word_1_94' title='bbox 171 1007 358 1080; x_wconf 84' lang='lat' dir='ltr'><strong>principibus,</strong></span> <span class='ocrx_word' id='word_1_95' title='bbox 369 1025 426 1066; x_wconf 89' lang='lat' dir='ltr'><strong>non</strong></span> <span class='ocrx_word' id='word_1_96' title='bbox 440 1027 475 1067; x_wconf 84' lang='lat' dir='ltr'><strong>ex</strong></span> <span class='ocrx_word' id='word_1_97' title='bbox 490 1025 540 1066; x_wconf 87' lang='lat' dir='ltr'><strong>sua</strong></span> <span class='ocrx_word' id='word_1_98' title='bbox 556 1012 605 1067; x_wconf 88' lang='lat' dir='ltr'><strong>sed</strong></span> <span class='ocrx_word' id='word_1_99' title='bbox 622 1011 701 1081; x_wconf 90' lang='lat' dir='ltr'><strong>quasi</strong></span> <span class='ocrx_word' id='word_1_100' title='bbox 716 1026 750 1067; x_wconf 81' lang='lat' dir='ltr'><strong>ex</strong></span> <span class='ocrx_word' id='word_1_101' title='bbox 766 1011 839 1081; x_wconf 88' lang='lat' dir='ltr'><strong>regis</strong></span> <span class='ocrx_word' id='word_1_102' title='bbox 854 1009 996 1066; x_wconf 89' lang='lat' dir='ltr'><strong>sententia</strong></span> <span class='ocrx_word' id='word_1_103' title='bbox 1047 1019 1136 1062; x_wconf 84' lang='lat' dir='ltr'><strong>cause</strong></span> <span class='ocrx_word' id='word_1_104' title='bbox 1151 1005 1353 1064; x_wconf 71' lang='lat' dir='ltr'><strong>commotionis</strong></span> <span class='ocrx_word' id='word_1_105' title='bbox 1373 1006 1496 1077; x_wconf 85' lang='lat' dir='ltr'><strong>inerant,</strong></span> <span class='ocrx_word' id='word_1_106' title='bbox 1523 1013 1632 1064; x_wconf 87' lang='lat' dir='ltr'><strong>tantum</strong></span> <span class='ocrx_word' id='word_1_107' title='bbox 1657 1006 1770 1066; x_wconf 88' lang='lat' dir='ltr'><strong>malum</strong></span> <span class='ocrx_word' id='word_1_108' title='bbox 1787 1016 1879 1065; x_wconf 83' lang='lat' dir='ltr'><strong>reton-</strong></span> 
     </span>
     <span class='ocr_line' id='line_1_10' title="bbox 172 1095 1880 1170; baseline 0.001 -18"><span class='ocrx_word' id='word_1_109' title='bbox 172 1095 289 1167; x_wconf 78' lang='lat' dir='ltr'><strong>invltua,</strong></span> <span class='ocrx_word' id='word_1_110' title='bbox 304 1099 390 1155; x_wconf 85' lang='lat' dir='ltr'><strong>edicit</strong></span> <span class='ocrx_word' id='word_1_111' title='bbox 405 1107 575 1170; x_wconf 81' lang='lat' dir='ltr'><strong>oporterent</strong></span> <span class='ocrx_word' id='word_1_112' title='bbox 598 1099 689 1158; x_wconf 87' lang='lat' dir='ltr'><strong>abeat.</strong></span> <span class='ocrx_word' id='word_1_113' title='bbox 705 1099 762 1156; x_wconf 87' lang='lat' dir='ltr'><strong>Neo</strong></span> <span class='ocrx_word' id='word_1_114' title='bbox 791 1106 848 1156; x_wconf 91' lang='lat' dir='ltr'><strong>crat</strong></span> <span class='ocrx_word' id='word_1_115' title='bbox 868 1099 897 1155; x_wconf 92' lang='lat' dir='ltr'><strong>ln</strong></span> <span class='ocrx_word' id='word_1_116' title='bbox 914 1102 993 1156; x_wconf 91' lang='lat' dir='ltr'><strong>tanto</strong></span> <span class='ocrx_word' id='word_1_117' title='bbox 1048 1103 1157 1166; x_wconf 83' lang='lat' dir='ltr'><strong>queret.</strong></span> <span class='ocrx_word' id='word_1_118' title='bbox 1177 1099 1357 1168; x_wconf 84' lang='lat' dir='ltr'><strong>Quapropter</strong></span> <span class='ocrx_word' id='word_1_119' title='bbox 1386 1096 1548 1169; x_wconf 88' lang='lat' dir='ltr'><strong>potentibus</strong></span> <span class='ocrx_word' id='word_1_120' title='bbox 1576 1098 1764 1170; x_wconf 84' lang='lat' dir='ltr'><strong>exasperatis,</strong></span> <span class='ocrx_word' id='word_1_121' title='bbox 1790 1099 1880 1156; x_wconf 86' lang='lat' dir='ltr'><strong>ererit</strong></span> 
     </span>
     <span class='ocr_line' id='line_1_11' title="bbox 172 1181 1878 1259; baseline 0.002 -18"><span class='ocrx_word' id='word_1_122' title='bbox 172 1197 323 1254; x_wconf 77' lang='lat' dir='ltr'><strong>conuentu,</strong></span> <span class='ocrx_word' id='word_1_123' title='bbox 344 1203 516 1259; x_wconf 87' lang='lat' dir='ltr'><strong>quamquam</strong></span> <span class='ocrx_word' id='word_1_124' title='bbox 537 1187 642 1244; x_wconf 90' lang='lat' dir='ltr'><strong>multos</strong></span> <span class='ocrx_word' id='word_1_125' title='bbox 665 1186 838 1244; x_wconf 79' lang='lat' dir='ltr'><strong>adversarios</strong></span> <span class='ocrx_word' id='word_1_126' title='bbox 867 1185 994 1255; x_wconf 87' lang='lat' dir='ltr'><strong>haberet,</strong></span> <span class='ocrx_word' id='word_1_127' title='bbox 1048 1181 1125 1242; x_wconf 84' lang='lat' dir='ltr'><strong>ciros</strong></span> <span class='ocrx_word' id='word_1_128' title='bbox 1144 1185 1240 1242; x_wconf 90' lang='lat' dir='ltr'><strong>iocum</strong></span> <span class='ocrx_word' id='word_1_129' title='bbox 1268 1184 1424 1257; x_wconf 83' lang='lat' dir='ltr'><strong>despectio,</strong></span> <span class='ocrx_word' id='word_1_130' title='bbox 1449 1193 1476 1244; x_wconf 90' lang='lat' dir='ltr'><strong>st</strong></span> <span class='ocrx_word' id='word_1_131' title='bbox 1499 1186 1564 1243; x_wconf 90' lang='lat' dir='ltr'><strong>lecti</strong></span> <span class='ocrx_word' id='word_1_132' title='bbox 1592 1195 1659 1244; x_wconf 90' lang='lat' dir='ltr'><strong>sunt</strong></span> <span class='ocrx_word' id='word_1_133' title='bbox 1681 1187 1878 1259; x_wconf 88' lang='lat' dir='ltr'><strong>despicabiles</strong></span> 
     </span>
     <span class='ocr_line' id='line_1_12' title="bbox 168 1274 1877 1348; baseline 0.004 -19"><span class='ocrx_word' id='word_1_134' title='bbox 168 1274 317 1345; x_wconf 83' lang='lat' dir='ltr'><strong>qnisquam</strong></span> <span class='ocrx_word' id='word_1_135' title='bbox 350 1281 408 1333; x_wconf 88' lang='lat' dir='ltr'><strong>tam</strong></span> <span class='ocrx_word' id='word_1_136' title='bbox 437 1279 540 1344; x_wconf 83' lang='lat' dir='ltr'><strong>andex,</strong></span> <span class='ocrx_word' id='word_1_137' title='bbox 564 1277 614 1348; x_wconf 85' lang='lat' dir='ltr'><strong>qui</strong></span> <span class='ocrx_word' id='word_1_138' title='bbox 640 1278 669 1332; x_wconf 93' lang='lat' dir='ltr'><strong>in</strong></span> <span class='ocrx_word' id='word_1_139' title='bbox 702 1292 768 1332; x_wconf 91' lang='lat' dir='ltr'><strong>enm</strong></span> <span class='ocrx_word' id='word_1_140' title='bbox 795 1292 919 1347; x_wconf 84' lang='lat' dir='ltr'><strong>nnqnam</strong></span> <span class='ocrx_word' id='word_1_141' title='bbox 949 1275 993 1333; x_wconf 88' lang='lat' dir='ltr'><strong>vel</strong></span> <span class='ocrx_word' id='word_1_142' title='bbox 1049 1274 1334 1333; x_wconf 88' lang='lat' dir='ltr'><strong>monaehiinoeulis</strong></span> <span class='ocrx_word' id='word_1_143' title='bbox 1364 1275 1496 1334; x_wconf 88' lang='lat' dir='ltr'><strong>omnium</strong></span> <span class='ocrx_word' id='word_1_144' title='bbox 1519 1278 1682 1334; x_wconf 85' lang='lat' dir='ltr'><strong>timentium</strong></span> <span class='ocrx_word' id='word_1_145' title='bbox 1703 1278 1877 1336; x_wconf 86' lang='lat' dir='ltr'><strong>Dominum.</strong></span> 
     </span>
     <span class='ocr_line' id='line_1_13' title="bbox 173 1363 1877 1440; baseline 0.004 -22"><span class='ocrx_word' id='word_1_146' title='bbox 173 1377 262 1420; x_wconf 88' lang='lat' dir='ltr'><strong>unum</strong></span> <span class='ocrx_word' id='word_1_147' title='bbox 279 1368 420 1421; x_wconf 88' lang='lat' dir='ltr'><strong>sermonis</strong></span> <span class='ocrx_word' id='word_1_148' title='bbox 431 1367 613 1438; x_wconf 88' lang='lat' dir='ltr'><strong>impetumad</strong></span> <span class='ocrx_word' id='word_1_149' title='bbox 639 1367 864 1437; x_wconf 79' lang='lat' dir='ltr'><strong>extorquendum</strong></span> <span class='ocrx_word' id='word_1_150' title='bbox 883 1365 925 1421; x_wconf 92' lang='lat' dir='ltr'><strong>iili</strong></span> <span class='ocrx_word' id='word_1_151' title='bbox 948 1365 995 1421; x_wconf 89' lang='lat' dir='ltr'><strong>ba·</strong></span> <span class='ocrx_word' id='word_1_152' title='bbox 1084 1364 1129 1420; x_wconf 79' lang='lat' dir='ltr'><strong>te.</strong></span> <span class='ocrx_word' id='word_1_153' title='bbox 1155 1363 1284 1421; x_wconf 86' lang='lat' dir='ltr'><strong>Domana</strong></span> <span class='ocrx_word' id='word_1_154' title='bbox 1314 1380 1380 1422; x_wconf 83' lang='lat' dir='ltr'><strong>uero</strong></span> <span class='ocrx_word' id='word_1_155' title='bbox 1411 1365 1587 1435; x_wconf 87' lang='lat' dir='ltr'><strong>Berengarua</strong></span> <span class='ocrx_word' id='word_1_156' title='bbox 1621 1374 1648 1422; x_wconf 92' lang='lat' dir='ltr'><strong>et</strong></span> <span class='ocrx_word' id='word_1_157' title='bbox 1675 1367 1822 1440; x_wconf 71' lang='lat' dir='ltr'><strong>quicum</strong></span> <span class='ocrx_word' id='word_1_158' title='bbox 1844 1382 1877 1426; x_wconf 91' lang='lat' dir='ltr'><strong>ec</strong></span> 
     </span>
     <span class='ocr_line' id='line_1_14' title="bbox 171 1453 1876 1526; baseline 0.002 -16"><span class='ocrx_word' id='word_1_159' title='bbox 171 1453 267 1510; x_wconf 88' lang='lat' dir='ltr'><strong>culam</strong></span> <span class='ocrx_word' id='word_1_160' title='bbox 284 1455 451 1526; x_wconf 86' lang='lat' dir='ltr'><strong>pastoralem</strong></span> <span class='ocrx_word' id='word_1_161' title='bbox 461 1455 613 1524; x_wconf 83' lang='lat' dir='ltr'><strong>jacularet.</strong></span> <span class='ocrx_word' id='word_1_162' title='bbox 628 1455 665 1510; x_wconf 80' lang='lat' dir='ltr'><strong>nt</strong></span> <span class='ocrx_word' id='word_1_163' title='bbox 680 1455 728 1511; x_wconf 90' lang='lat' dir='ltr'><strong>ille</strong></span> <span class='ocrx_word' id='word_1_164' title='bbox 742 1456 785 1511; x_wconf 81' lang='lat' dir='ltr'><strong>vir</strong></span> <span class='ocrx_word' id='word_1_165' title='bbox 805 1457 993 1526; x_wconf 87' lang='lat' dir='ltr'><strong>reuerendus,</strong></span> <span class='ocrx_word' id='word_1_166' title='bbox 1048 1462 1138 1521; x_wconf 88' lang='lat' dir='ltr'><strong>erant,</strong></span> <span class='ocrx_word' id='word_1_167' title='bbox 1152 1453 1380 1524; x_wconf 74' lang='lat' dir='ltr'><strong>praedicabantur</strong></span> <span class='ocrx_word' id='word_1_168' title='bbox 1394 1462 1421 1511; x_wconf 91' lang='lat' dir='ltr'><strong>et</strong></span> <span class='ocrx_word' id='word_1_169' title='bbox 1449 1453 1636 1512; x_wconf 87' lang='lat' dir='ltr'><strong>laudabantur</strong></span> <span class='ocrx_word' id='word_1_170' title='bbox 1662 1455 1698 1512; x_wconf 94' lang='lat' dir='ltr'><strong>ah</strong></span> <span class='ocrx_word' id='word_1_171' title='bbox 1722 1455 1876 1525; x_wconf 84' lang='lat' dir='ltr'><strong>omnibns,</strong></span> 
     </span>
     <span class='ocr_line' id='line_1_15' title="bbox 172 1542 1878 1617; baseline 0 -17"><span class='ocrx_word' id='word_1_172' title='bbox 172 1545 300 1615; x_wconf 78' lang='lat' dir='ltr'><strong>exposita</strong></span> <span class='ocrx_word' id='word_1_173' title='bbox 321 1552 351 1600; x_wconf 90' lang='lat' dir='ltr'><strong>at</strong></span> <span class='ocrx_word' id='word_1_174' title='bbox 379 1544 485 1617; x_wconf 87' lang='lat' dir='ltr'><strong>optime</strong></span> <span class='ocrx_word' id='word_1_175' title='bbox 506 1545 612 1602; x_wconf 88' lang='lat' dir='ltr'><strong>sciebat</strong></span> <span class='ocrx_word' id='word_1_176' title='bbox 635 1545 783 1617; x_wconf 86' lang='lat' dir='ltr'><strong>diligentia</strong></span> <span class='ocrx_word' id='word_1_177' title='bbox 807 1560 891 1617; x_wconf 90' lang='lat' dir='ltr'><strong>qoam</strong></span> <span class='ocrx_word' id='word_1_178' title='bbox 917 1544 995 1602; x_wconf 89' lang='lat' dir='ltr'><strong>circs</strong></span> <span class='ocrx_word' id='word_1_179' title='bbox 1049 1549 1076 1599; x_wconf 86' lang='lat' dir='ltr'><strong>et</strong></span> <span class='ocrx_word' id='word_1_180' title='bbox 1090 1542 1241 1599; x_wconf 81' lang='lat' dir='ltr'><strong>veniebant</strong></span> <span class='ocrx_word' id='word_1_181' title='bbox 1255 1544 1365 1600; x_wconf 88' lang='lat' dir='ltr'><strong>adeum</strong></span> <span class='ocrx_word' id='word_1_182' title='bbox 1385 1545 1548 1614; x_wconf 87' lang='lat' dir='ltr'><strong>omnesqui</strong></span> <span class='ocrx_word' id='word_1_183' title='bbox 1566 1543 1609 1601; x_wconf 94' lang='lat' dir='ltr'><strong>illi</strong></span> <span class='ocrx_word' id='word_1_184' title='bbox 1638 1544 1878 1612; x_wconf 67' lang='lat' dir='ltr'><strong>dementantur</strong></span> 
     </span>
     <span class='ocr_line' id='line_1_16' title="bbox 170 1630 1877 1705; baseline 0.002 -18"><span class='ocrx_word' id='word_1_185' title='bbox 170 1634 340 1705; x_wconf 86' lang='lat' dir='ltr'><strong>pastoralem</strong></span> <span class='ocrx_word' id='word_1_186' title='bbox 357 1649 455 1691; x_wconf 87' lang='lat' dir='ltr'><strong>euram</strong></span> <span class='ocrx_word' id='word_1_187' title='bbox 481 1633 629 1703; x_wconf 88' lang='lat' dir='ltr'><strong>habuerat,</strong></span> <span class='ocrx_word' id='word_1_188' title='bbox 654 1650 748 1692; x_wconf 90' lang='lat' dir='ltr'><strong>coram</strong></span> <span class='ocrx_word' id='word_1_189' title='bbox 771 1636 815 1692; x_wconf 89' lang='lat' dir='ltr'><strong>eis</strong></span> <span class='ocrx_word' id='word_1_190' title='bbox 838 1636 993 1704; x_wconf 85' lang='lat' dir='ltr'><strong>transiens,</strong></span> <span class='ocrx_word' id='word_1_191' title='bbox 1049 1630 1877 1705; x_wconf 78' lang='lat' dir='ltr'><strong>tantumquodetiamGirrrdus(122)Trajeetcnsisepis·</strong></span> 
     </span>
     <span class='ocr_line' id='line_1_17' title="bbox 169 1718 1877 1824; baseline 0 -45"><span class='ocrx_word' id='word_1_192' title='bbox 169 1737 220 1794; x_wconf 87' lang='lat' dir='ltr'><strong>per</strong></span> <span class='ocrx_word' id='word_1_193' title='bbox 230 1719 355 1778; x_wconf 91' lang='lat' dir='ltr'><strong>medium</strong></span> <span class='ocrx_word' id='word_1_194' title='bbox 371 1724 486 1781; x_wconf 89' lang='lat' dir='ltr'><strong>illorum</strong></span> <span class='ocrx_word' id='word_1_195' title='bbox 500 1724 567 1780; x_wconf 90' lang='lat' dir='ltr'><strong>ibat.</strong></span> <span class='ocrx_word' id='word_1_196' title='bbox 587 1723 803 1780; x_wconf 83' lang='lat' dir='ltr'><strong>Detestabantur</strong></span> <span class='ocrx_word' id='word_1_197' title='bbox 830 1724 904 1780; x_wconf 88' lang='lat' dir='ltr'><strong>hane</strong></span> <span class='ocrx_word' id='word_1_198' title='bbox 921 1725 1033 1824; x_wconf 67' lang='lat' dir='ltr'><strong>judi-1³</strong></span> <span class='ocrx_word' id='word_1_199' title='bbox 1048 1733 1138 1790; x_wconf 82' lang='lat' dir='ltr'><strong>copus</strong></span> <span class='ocrx_word' id='word_1_200' title='bbox 1160 1718 1222 1789; x_wconf 79' lang='lat' dir='ltr'><strong>ejas</strong></span> <span class='ocrx_word' id='word_1_201' title='bbox 1244 1719 1362 1791; x_wconf 88' lang='lat' dir='ltr'><strong>gratiam</strong></span> <span class='ocrx_word' id='word_1_202' title='bbox 1393 1720 1550 1791; x_wconf 75' lang='lat' dir='ltr'><strong>requirnnt,</strong></span> <span class='ocrx_word' id='word_1_203' title='bbox 1575 1735 1641 1778; x_wconf 89' lang='lat' dir='ltr'><strong>cnm</strong></span> <span class='ocrx_word' id='word_1_204' title='bbox 1675 1723 1755 1779; x_wconf 75' lang='lat' dir='ltr'><strong>m</strong></span> <span class='ocrx_word' id='word_1_205' title='bbox 1781 1722 1877 1792; x_wconf 82' lang='lat' dir='ltr'><strong>digera</strong></span> 
     </span>
     <span class='ocr_line' id='line_1_18' title="bbox 170 1807 1875 1885; baseline 0 -16"><span class='ocrx_word' id='word_1_206' title='bbox 170 1812 208 1869; x_wconf 90' lang='lat' dir='ltr'><strong>cii</strong></span> <span class='ocrx_word' id='word_1_207' title='bbox 231 1811 444 1870; x_wconf 79' lang='lat' dir='ltr'><strong>subversionem</strong></span> <span class='ocrx_word' id='word_1_208' title='bbox 477 1829 558 1884; x_wconf 84' lang='lat' dir='ltr'><strong>pene</strong></span> <span class='ocrx_word' id='word_1_209' title='bbox 580 1815 676 1871; x_wconf 88' lang='lat' dir='ltr'><strong>cuncti</strong></span> <span class='ocrx_word' id='word_1_210' title='bbox 705 1822 764 1869; x_wconf 87' lang='lat' dir='ltr'><strong>lem</strong></span> <span class='ocrx_word' id='word_1_211' title='bbox 788 1814 885 1871; x_wconf 88' lang='lat' dir='ltr'><strong>cleriei</strong></span> <span class='ocrx_word' id='word_1_212' title='bbox 909 1829 994 1885; x_wconf 88' lang='lat' dir='ltr'><strong>qnam</strong></span> <span class='ocrx_word' id='word_1_213' title='bbox 1050 1807 1617 1882; x_wconf 73' lang='lat' dir='ltr'><strong>muneribuabonorevit,snamoperam</strong></span> <span class='ocrx_word' id='word_1_214' title='bbox 1637 1811 1673 1868; x_wconf 88' lang='lat' dir='ltr'><strong>ed</strong></span> <span class='ocrx_word' id='word_1_215' title='bbox 1696 1810 1875 1872; x_wconf 75' lang='lat' dir='ltr'><strong>sublevatio-</strong></span> 
     </span>
     <span class='ocr_line' id='line_1_19' title="bbox 170 1897 1875 1975; baseline 0.002 -20"><span class='ocrx_word' id='word_1_216' title='bbox 170 1898 248 1968; x_wconf 88' lang='lat' dir='ltr'><strong>iaiel,</strong></span> <span class='ocrx_word' id='word_1_217' title='bbox 264 1909 291 1957; x_wconf 91' lang='lat' dir='ltr'><strong>et</strong></span> <span class='ocrx_word' id='word_1_218' title='bbox 305 1918 369 1957; x_wconf 91' lang='lat' dir='ltr'><strong>cum</strong></span> <span class='ocrx_word' id='word_1_219' title='bbox 397 1902 503 1958; x_wconf 89' lang='lat' dir='ltr'><strong>honore</strong></span> <span class='ocrx_word' id='word_1_220' title='bbox 526 1917 591 1957; x_wconf 90' lang='lat' dir='ltr'><strong>enm</strong></span> <span class='ocrx_word' id='word_1_221' title='bbox 612 1903 794 1969; x_wconf 77' lang='lat' dir='ltr'><strong>deducentes,</strong></span> <span class='ocrx_word' id='word_1_222' title='bbox 811 1903 949 1959; x_wconf 78' lang='lat' dir='ltr'><strong>deterunt</strong></span> <span class='ocrx_word' id='word_1_223' title='bbox 967 1902 994 1959; x_wconf 91' lang='lat' dir='ltr'><strong>ei</strong></span> <span class='ocrx_word' id='word_1_224' title='bbox 1048 1913 1115 1955; x_wconf 90' lang='lat' dir='ltr'><strong>nem</strong></span> <span class='ocrx_word' id='word_1_225' title='bbox 1131 1898 1215 1969; x_wconf 83' lang='lat' dir='ltr'><strong>hujus</strong></span> <span class='ocrx_word' id='word_1_226' title='bbox 1225 1897 1353 1956; x_wconf 86' lang='lat' dir='ltr'><strong>ecclesie</strong></span> <span class='ocrx_word' id='word_1_227' title='bbox 1369 1899 1542 1970; x_wconf 85' lang='lat' dir='ltr'><strong>repromisit,</strong></span> <span class='ocrx_word' id='word_1_228' title='bbox 1558 1899 1631 1957; x_wconf 86' lang='lat' dir='ltr'><strong>siout</strong></span> <span class='ocrx_word' id='word_1_229' title='bbox 1646 1908 1675 1958; x_wconf 93' lang='lat' dir='ltr'><strong>et</strong></span> <span class='ocrx_word' id='word_1_230' title='bbox 1690 1903 1875 1975; x_wconf 86' lang='lat' dir='ltr'><strong>postmodnm</strong></span> 
     </span>
     <span class='ocr_line' id='line_1_20' title="bbox 170 1986 1874 2064; baseline 0.001 -20"><span class='ocrx_word' id='word_1_231' title='bbox 170 2004 259 2061; x_wconf 90' lang='lat' dir='ltr'><strong>equos</strong></span> <span class='ocrx_word' id='word_1_232' title='bbox 283 1991 316 2045; x_wconf 89' lang='lat' dir='ltr'><strong>ad</strong></span> <span class='ocrx_word' id='word_1_233' title='bbox 348 1991 559 2048; x_wconf 81' lang='lat' dir='ltr'><strong>subvectionem</strong></span> <span class='ocrx_word' id='word_1_234' title='bbox 588 1993 717 2060; x_wconf 86' lang='lat' dir='ltr'><strong>tratrem,</strong></span> <span class='ocrx_word' id='word_1_235' title='bbox 746 1992 796 2064; x_wconf 90' lang='lat' dir='ltr'><strong>qui</strong></span> <span class='ocrx_word' id='word_1_236' title='bbox 819 2006 884 2049; x_wconf 90' lang='lat' dir='ltr'><strong>cum</strong></span> <span class='ocrx_word' id='word_1_237' title='bbox 916 2002 995 2062; x_wconf 90' lang='lat' dir='ltr'><strong>patre</strong></span> <span class='ocrx_word' id='word_1_238' title='bbox 1048 1986 1274 2044; x_wconf 86' lang='lat' dir='ltr'><strong>iecit.Sedenm</strong></span> <span class='ocrx_word' id='word_1_239' title='bbox 1290 1987 1425 2046; x_wconf 88' lang='lat' dir='ltr'><strong>omnibus</strong></span> <span class='ocrx_word' id='word_1_240' title='bbox 1440 1997 1512 2044; x_wconf 84' lang='lat' dir='ltr'><strong>esset</strong></span> <span class='ocrx_word' id='word_1_241' title='bbox 1523 1991 1673 2059; x_wconf 88' lang='lat' dir='ltr'><strong>gratiosus,</strong></span> <span class='ocrx_word' id='word_1_242' title='bbox 1689 1991 1741 2048; x_wconf 86' lang='lat' dir='ltr'><strong>soli</strong></span> <span class='ocrx_word' id='word_1_243' title='bbox 1768 1990 1874 2047; x_wconf 87' lang='lat' dir='ltr'><strong>Oberto</strong></span> 
     </span>
     <span class='ocr_line' id='line_1_21' title="bbox 169 2076 1875 2152; baseline -0.001 -15"><span class='ocrx_word' id='word_1_244' title='bbox 169 2095 220 2135; x_wconf 90' lang='lat' dir='ltr'><strong>suo</strong></span> <span class='ocrx_word' id='word_1_245' title='bbox 236 2081 324 2146; x_wconf 81' lang='lat' dir='ltr'><strong>magis</strong></span> <span class='ocrx_word' id='word_1_246' title='bbox 338 2081 436 2137; x_wconf 86' lang='lat' dir='ltr'><strong>exules</strong></span> <span class='ocrx_word' id='word_1_247' title='bbox 450 2096 512 2137; x_wconf 86' lang='lat' dir='ltr'><strong>esse</strong></span> <span class='ocrx_word' id='word_1_248' title='bbox 527 2082 680 2152; x_wconf 84' lang='lat' dir='ltr'><strong>elegerant,</strong></span> <span class='ocrx_word' id='word_1_249' title='bbox 696 2096 781 2151; x_wconf 92' lang='lat' dir='ltr'><strong>qnam</strong></span> <span class='ocrx_word' id='word_1_250' title='bbox 806 2081 859 2136; x_wconf 90' lang='lat' dir='ltr'><strong>sub</strong></span> <span class='ocrx_word' id='word_1_251' title='bbox 886 2095 993 2138; x_wconf 89' lang='lat' dir='ltr'><strong>merce·</strong></span> <span class='ocrx_word' id='word_1_252' title='bbox 1049 2077 1189 2133; x_wconf 87' lang='lat' dir='ltr'><strong>iectusest</strong></span> <span class='ocrx_word' id='word_1_253' title='bbox 1205 2076 1331 2148; x_wconf 90' lang='lat' dir='ltr'><strong>odiosus,</strong></span> <span class='ocrx_word' id='word_1_254' title='bbox 1347 2076 1470 2147; x_wconf 80' lang='lat' dir='ltr'><strong>quirilli</strong></span> <span class='ocrx_word' id='word_1_255' title='bbox 1489 2077 1645 2148; x_wconf 88' lang='lat' dir='ltr'><strong>imputabat</strong></span> <span class='ocrx_word' id='word_1_256' title='bbox 1674 2079 1750 2150; x_wconf 91' lang='lat' dir='ltr'><strong>quod</strong></span> <span class='ocrx_word' id='word_1_257' title='bbox 1768 2093 1875 2136; x_wconf 89' lang='lat' dir='ltr'><strong>nomeu</strong></span> 
     </span>
     <span class='ocr_line' id='line_1_22' title="bbox 167 2165 1875 2240; baseline 0.003 -21"><span class='ocrx_word' id='word_1_258' title='bbox 167 2170 248 2225; x_wconf 79' lang='lat' dir='ltr'><strong>nario</strong></span> <span class='ocrx_word' id='word_1_259' title='bbox 262 2172 358 2228; x_wconf 72' lang='lat' dir='ltr'><strong>vivero</strong></span> <span class='ocrx_word' id='word_1_260' title='bbox 374 2171 416 2226; x_wconf 74' lang='lat' dir='ltr'><strong>aet</strong></span> <span class='ocrx_word' id='word_1_261' title='bbox 431 2171 634 2227; x_wconf 76' lang='lat' dir='ltr'><strong>andirerooem</strong></span> <span class='ocrx_word' id='word_1_262' title='bbox 651 2170 821 2227; x_wconf 84' lang='lat' dir='ltr'><strong>alienorum.</strong></span> <span class='ocrx_word' id='word_1_263' title='bbox 1048 2180 1131 2221; x_wconf 91' lang='lat' dir='ltr'><strong>snum</strong></span> <span class='ocrx_word' id='word_1_264' title='bbox 1146 2165 1286 2223; x_wconf 88' lang='lat' dir='ltr'><strong>iamosnm</strong></span> <span class='ocrx_word' id='word_1_265' title='bbox 1303 2165 1409 2239; x_wconf 90' lang='lat' dir='ltr'><strong>ubique</strong></span> <span class='ocrx_word' id='word_1_266' title='bbox 1431 2167 1592 2238; x_wconf 78' lang='lat' dir='ltr'><strong>opprobriis</strong></span> <span class='ocrx_word' id='word_1_267' title='bbox 1606 2177 1774 2240; x_wconf 90' lang='lat' dir='ltr'><strong>coopertum</strong></span> <span class='ocrx_word' id='word_1_268' title='bbox 1790 2176 1875 2227; x_wconf 86' lang='lat' dir='ltr'><strong>esset.</strong></span> 
     </span>
     <span class='ocr_line' id='line_1_23' title="bbox 203 2253 1877 2330; baseline 0.001 -18"><span class='ocrx_word' id='word_1_269' title='bbox 203 2258 247 2312; x_wconf 79' lang='lat' dir='ltr'><strong>li.</strong></span> <span class='ocrx_word' id='word_1_270' title='bbox 263 2258 451 2330; x_wconf 82' lang='lat' dir='ltr'><strong>ttjecrnsergo</strong></span> <span class='ocrx_word' id='word_1_271' title='bbox 467 2260 508 2315; x_wconf 82' lang='lat' dir='ltr'><strong>air</strong></span> <span class='ocrx_word' id='word_1_272' title='bbox 524 2259 574 2316; x_wconf 87' lang='lat' dir='ltr'><strong>Del</strong></span> <span class='ocrx_word' id='word_1_273' title='bbox 591 2266 646 2315; x_wconf 90' lang='lat' dir='ltr'><strong>tam</strong></span> <span class='ocrx_word' id='word_1_274' title='bbox 668 2259 846 2316; x_wconf 78' lang='lat' dir='ltr'><strong>venerandus</strong></span> <span class='ocrx_word' id='word_1_275' title='bbox 875 2265 902 2316; x_wconf 93' lang='lat' dir='ltr'><strong>et</strong></span> <span class='ocrx_word' id='word_1_276' title='bbox 926 2259 993 2315; x_wconf 90' lang='lat' dir='ltr'><strong>hnic</strong></span> <span class='ocrx_word' id='word_1_277' title='bbox 1047 2254 1228 2312; x_wconf 81' lang='lat' dir='ltr'><strong>Intereaiieo</strong></span> <span class='ocrx_word' id='word_1_278' title='bbox 1255 2253 1366 2313; x_wconf 84' lang='lat' dir='ltr'><strong>volente</strong></span> <span class='ocrx_word' id='word_1_279' title='bbox 1389 2257 1497 2313; x_wconf 78' lang='lat' dir='ltr'><strong>vexatio</strong></span> <span class='ocrx_word' id='word_1_280' title='bbox 1525 2256 1603 2313; x_wconf 90' lang='lat' dir='ltr'><strong>dedit</strong></span> <span class='ocrx_word' id='word_1_281' title='bbox 1626 2257 1809 2316; x_wconf 86' lang='lat' dir='ltr'><strong>intellectum</strong></span> <span class='ocrx_word' id='word_1_282' title='bbox 1826 2274 1877 2315; x_wconf 90' lang='lat' dir='ltr'><strong>an·</strong></span> 
     </span>
     <span class='ocr_line' id='line_1_24' title="bbox 167 2343 1874 2418; baseline 0.006 -15"><span class='ocrx_word' id='word_1_283' title='bbox 167 2346 294 2404; x_wconf 85' lang='lat' dir='ltr'><strong>ecclesie</strong></span> <span class='ocrx_word' id='word_1_284' title='bbox 325 2356 381 2404; x_wconf 89' lang='lat' dir='ltr'><strong>tam</strong></span> <span class='ocrx_word' id='word_1_285' title='bbox 417 2350 610 2415; x_wconf 88' lang='lat' dir='ltr'><strong>necessarius,</strong></span> <span class='ocrx_word' id='word_1_286' title='bbox 637 2350 714 2405; x_wconf 79' lang='lat' dir='ltr'><strong>venit</strong></span> <span class='ocrx_word' id='word_1_287' title='bbox 756 2364 820 2406; x_wconf 86' lang='lat' dir='ltr'><strong>curn</strong></span> <span class='ocrx_word' id='word_1_288' title='bbox 855 2348 994 2405; x_wconf 79' lang='lat' dir='ltr'><strong>iratribus</strong></span> <span class='ocrx_word' id='word_1_289' title='bbox 1047 2343 1378 2410; x_wconf 74' lang='lat' dir='ltr'><strong>ditul‚etlioetdireraa</strong></span> <span class='ocrx_word' id='word_1_290' title='bbox 1402 2345 1573 2413; x_wconf 90' lang='lat' dir='ltr'><strong>intentione,</strong></span> <span class='ocrx_word' id='word_1_291' title='bbox 1597 2361 1655 2404; x_wconf 77' lang='lat'><strong>¹¹⁰⁰</strong></span> <span class='ocrx_word' id='word_1_292' title='bbox 1683 2355 1781 2404; x_wconf 68' lang='lat' dir='ltr'><strong>lmen</strong></span> <span class='ocrx_word' id='word_1_293' title='bbox 1808 2346 1874 2418; x_wconf 72' lang='lat'><strong>58⁰0</strong></span> 
     </span>
     <span class='ocr_line' id='line_1_25' title="bbox 170 2430 1877 2510; baseline 0 -18"><span class='ocrx_word' id='word_1_294' title='bbox 170 2436 229 2492; x_wconf 90' lang='lat' dir='ltr'><strong>suis</strong></span> <span class='ocrx_word' id='word_1_295' title='bbox 243 2437 278 2492; x_wconf 89' lang='lat' dir='ltr'><strong>ad</strong></span> <span class='ocrx_word' id='word_1_296' title='bbox 294 2436 426 2493; x_wconf 86' lang='lat' dir='ltr'><strong>abbatem</strong></span> <span class='ocrx_word' id='word_1_297' title='bbox 441 2437 537 2495; x_wconf 85' lang='lat' dir='ltr'><strong>Sancti</strong></span> <span class='ocrx_word' id='word_1_298' title='bbox 562 2437 680 2495; x_wconf 83' lang='lat' dir='ltr'><strong>flabant</strong></span> <span class='ocrx_word' id='word_1_299' title='bbox 702 2437 921 2504; x_wconf 76' lang='lat' dir='ltr'><strong>Theodericum,</strong></span> <span class='ocrx_word' id='word_1_300' title='bbox 944 2438 994 2510; x_wconf 89' lang='lat' dir='ltr'><strong>qui</strong></span> <span class='ocrx_word' id='word_1_301' title='bbox 1047 2430 1197 2487; x_wconf 65' lang='lat' dir='ltr'><strong>discordie</strong></span> <span class='ocrx_word' id='word_1_302' title='bbox 1211 2439 1359 2503; x_wconf 68' lang='lat' dir='ltr'><strong>eruperunt</strong></span> <span class='ocrx_word' id='word_1_303' title='bbox 1378 2447 1478 2490; x_wconf 72' lang='lat' dir='ltr'><strong>omncs</strong></span> <span class='ocrx_word' id='word_1_304' title='bbox 1503 2433 1636 2491; x_wconf 81' lang='lat' dir='ltr'><strong>monachi</strong></span> <span class='ocrx_word' id='word_1_305' title='bbox 1665 2433 1750 2491; x_wconf 85' lang='lat' dir='ltr'><strong>sinat</strong></span> <span class='ocrx_word' id='word_1_306' title='bbox 1778 2442 1877 2493; x_wconf 86' lang='lat' dir='ltr'><strong>eontra</strong></span> 
     </span>
     <span class='ocr_line' id='line_1_26' title="bbox 169 2518 1873 2598; baseline 0.002 -18"><span class='ocrx_word' id='word_1_307' title='bbox 169 2540 236 2580; x_wconf 82' lang='lat' dir='ltr'><strong>enan</strong></span> <span class='ocrx_word' id='word_1_308' title='bbox 265 2523 390 2598; x_wconf 88' lang='lat' dir='ltr'><strong>benigne</strong></span> <span class='ocrx_word' id='word_1_309' title='bbox 417 2526 576 2598; x_wconf 85' lang='lat' dir='ltr'><strong>suscipiens</strong></span> <span class='ocrx_word' id='word_1_310' title='bbox 608 2534 635 2582; x_wconf 92' lang='lat' dir='ltr'><strong>et</strong></span> <span class='ocrx_word' id='word_1_311' title='bbox 668 2525 832 2594; x_wconf 88' lang='lat' dir='ltr'><strong>consolans,</strong></span> <span class='ocrx_word' id='word_1_312' title='bbox 866 2527 943 2584; x_wconf 91' lang='lat' dir='ltr'><strong>dedit</strong></span> <span class='ocrx_word' id='word_1_313' title='bbox 966 2526 994 2584; x_wconf 92' lang='lat' dir='ltr'><strong>ei</strong></span> <span class='ocrx_word' id='word_1_314' title='bbox 1046 2518 1255 2578; x_wconf 78' lang='lat' dir='ltr'><strong>Wolbudunusst</strong></span> <span class='ocrx_word' id='word_1_315' title='bbox 1283 2521 1394 2579; x_wconf 72' lang='lat' dir='ltr'><strong>nideru-</strong></span> <span class='ocrx_word' id='word_1_316' title='bbox 1420 2520 1566 2593; x_wconf 68' lang='lat' dir='ltr'><strong>Cucullum</strong></span> <span class='ocrx_word' id='word_1_317' title='bbox 1592 2523 1722 2581; x_wconf 82' lang='lat' dir='ltr'><strong>incendii</strong></span> <span class='ocrx_word' id='word_1_318' title='bbox 1747 2530 1810 2582; x_wconf 84' lang='lat' dir='ltr'><strong>lota</strong></span> <span class='ocrx_word' id='word_1_319' title='bbox 1832 2525 1873 2583; x_wconf 84' lang='lat' dir='ltr'><strong>ci·</strong></span> 
     </span>
     <span class='ocr_line' id='line_1_27' title="bbox 169 2611 1873 2690; baseline 0.002 -23"><span class='ocrx_word' id='word_1_320' title='bbox 169 2615 325 2684; x_wconf 87' lang='lat' dir='ltr'><strong>prioratum</strong></span> <span class='ocrx_word' id='word_1_321' title='bbox 339 2629 426 2672; x_wconf 88' lang='lat' dir='ltr'><strong>unum</strong></span> <span class='ocrx_word' id='word_1_322' title='bbox 443 2631 529 2685; x_wconf 94' lang='lat' dir='ltr'><strong>prope</strong></span> <span class='ocrx_word' id='word_1_323' title='bbox 550 2615 695 2672; x_wconf 77' lang='lat' dir='ltr'><strong>civitatem</strong></span> <span class='ocrx_word' id='word_1_324' title='bbox 717 2614 888 2673; x_wconf 81' lang='lat' dir='ltr'><strong>lismensem</strong></span> <span class='ocrx_word' id='word_1_325' title='bbox 903 2615 992 2690; x_wconf 63' lang='lat' dir='ltr'><strong>(lul),</strong></span> <span class='ocrx_word' id='word_1_326' title='bbox 1047 2612 1120 2669; x_wconf 84' lang='lat' dir='ltr'><strong>vites</strong></span> <span class='ocrx_word' id='word_1_327' title='bbox 1133 2611 1254 2680; x_wconf 90' lang='lat' dir='ltr'><strong>audirit,</strong></span> <span class='ocrx_word' id='word_1_328' title='bbox 1270 2618 1298 2668; x_wconf 91' lang='lat' dir='ltr'><strong>st</strong></span> <span class='ocrx_word' id='word_1_329' title='bbox 1318 2612 1380 2682; x_wconf 88' lang='lat' dir='ltr'><strong>ipse</strong></span> <span class='ocrx_word' id='word_1_330' title='bbox 1405 2612 1556 2683; x_wconf 90' lang='lat' dir='ltr'><strong>episcopua</strong></span> <span class='ocrx_word' id='word_1_331' title='bbox 1582 2614 1617 2670; x_wconf 92' lang='lat' dir='ltr'><strong>ed</strong></span> <span class='ocrx_word' id='word_1_332' title='bbox 1646 2616 1873 2686; x_wconf 82' lang='lat' dir='ltr'><strong>extinguendum</strong></span> 
     </span>
     <span class='ocr_line' id='line_1_28' title="bbox 166 2698 1876 2778; baseline 0.001 -20"><span class='ocrx_word' id='word_1_333' title='bbox 166 2701 218 2759; x_wconf 93' lang='lat' dir='ltr'><strong>uhi</strong></span> <span class='ocrx_word' id='word_1_334' title='bbox 233 2720 282 2773; x_wconf 88' lang='lat' dir='ltr'><strong>per</strong></span> <span class='ocrx_word' id='word_1_335' title='bbox 296 2714 352 2761; x_wconf 82' lang='lat' dir='ltr'><strong>tres</strong></span> <span class='ocrx_word' id='word_1_336' title='bbox 366 2719 458 2760; x_wconf 89' lang='lat' dir='ltr'><strong>annos</strong></span> <span class='ocrx_word' id='word_1_337' title='bbox 472 2713 499 2761; x_wconf 93' lang='lat' dir='ltr'><strong>et</strong></span> <span class='ocrx_word' id='word_1_338' title='bbox 513 2705 664 2760; x_wconf 88' lang='lat' dir='ltr'><strong>dimidium</strong></span> <span class='ocrx_word' id='word_1_339' title='bbox 688 2713 816 2761; x_wconf 82' lang='lat' dir='ltr'><strong>moratus</strong></span> <span class='ocrx_word' id='word_1_340' title='bbox 832 2709 876 2762; x_wconf 74' lang='lat' dir='ltr'><strong>esi</strong></span> <span class='ocrx_word' id='word_1_341' title='bbox 890 2706 993 2778; x_wconf 89' lang='lat' dir='ltr'><strong>ingens</strong></span> <span class='ocrx_word' id='word_1_342' title='bbox 1046 2698 1168 2756; x_wconf 84' lang='lat' dir='ltr'><strong>lestinnr</strong></span> <span class='ocrx_word' id='word_1_343' title='bbox 1190 2700 1325 2757; x_wconf 86' lang='lat' dir='ltr'><strong>occurrit.</strong></span> <span class='ocrx_word' id='word_1_344' title='bbox 1347 2701 1426 2767; x_wconf 79' lang='lat' dir='ltr'><strong>Quod</strong></span> <span class='ocrx_word' id='word_1_345' title='bbox 1467 2702 1557 2759; x_wconf 80' lang='lat' dir='ltr'><strong>semtd</strong></span> <span class='ocrx_word' id='word_1_346' title='bbox 1590 2709 1617 2759; x_wconf 93' lang='lat' dir='ltr'><strong>et</strong></span> <span class='ocrx_word' id='word_1_347' title='bbox 1654 2702 1757 2761; x_wconf 86' lang='lat' dir='ltr'><strong>iterum</strong></span> <span class='ocrx_word' id='word_1_348' title='bbox 1791 2712 1876 2775; x_wconf 86' lang='lat' dir='ltr'><strong>etque</strong></span> 
     </span>
     <span class='ocr_line' id='line_1_29' title="bbox 166 2789 1874 2867; baseline 0.002 -19"><span class='ocrx_word' id='word_1_349' title='bbox 166 2793 244 2862; x_wconf 83' lang='lat' dir='ltr'><strong>erni,</strong></span> <span class='ocrx_word' id='word_1_350' title='bbox 270 2793 384 2850; x_wconf 89' lang='lat' dir='ltr'><strong>cunctis</strong></span> <span class='ocrx_word' id='word_1_351' title='bbox 408 2795 458 2866; x_wconf 92' lang='lat' dir='ltr'><strong>qni</strong></span> <span class='ocrx_word' id='word_1_352' title='bbox 483 2809 548 2850; x_wconf 90' lang='lat' dir='ltr'><strong>enm</strong></span> <span class='ocrx_word' id='word_1_353' title='bbox 577 2802 714 2850; x_wconf 77' lang='lat' dir='ltr'><strong>noverant</strong></span> <span class='ocrx_word' id='word_1_354' title='bbox 736 2793 817 2852; x_wconf 91' lang='lat' dir='ltr'><strong>ralde</strong></span> <span class='ocrx_word' id='word_1_355' title='bbox 842 2795 991 2866; x_wconf 84' lang='lat' dir='ltr'><strong>gratiosus,</strong></span> <span class='ocrx_word' id='word_1_356' title='bbox 1047 2790 1128 2846; x_wconf 91' lang='lat' dir='ltr'><strong>tertio</strong></span> <span class='ocrx_word' id='word_1_357' title='bbox 1144 2789 1248 2846; x_wconf 79' lang='lat' dir='ltr'><strong>trustra</strong></span> <span class='ocrx_word' id='word_1_358' title='bbox 1270 2797 1436 2862; x_wconf 91' lang='lat' dir='ltr'><strong>temptatum</strong></span> <span class='ocrx_word' id='word_1_359' title='bbox 1462 2800 1515 2849; x_wconf 88' lang='lat' dir='ltr'><strong>est.</strong></span> <span class='ocrx_word' id='word_1_360' title='bbox 1539 2791 1609 2851; x_wconf 85' lang='lat' dir='ltr'><strong>Nam</strong></span> <span class='ocrx_word' id='word_1_361' title='bbox 1626 2794 1762 2852; x_wconf 87' lang='lat' dir='ltr'><strong>monachi</strong></span> <span class='ocrx_word' id='word_1_362' title='bbox 1778 2809 1874 2867; x_wconf 80' lang='lat' dir='ltr'><strong>cepe·</strong></span> 
     </span>
     <span class='ocr_line' id='line_1_30' title="bbox 165 2878 1873 2953; baseline 0.001 -15"><span class='ocrx_word' id='word_1_363' title='bbox 165 2885 281 2953; x_wconf 87' lang='lat' dir='ltr'><strong>Dsoqne</strong></span> <span class='ocrx_word' id='word_1_364' title='bbox 295 2883 423 2938; x_wconf 79' lang='lat' dir='ltr'><strong>devotus.</strong></span> <span class='ocrx_word' id='word_1_365' title='bbox 441 2882 577 2939; x_wconf 69' lang='lat' dir='ltr'><strong>Percusso</strong></span> <span class='ocrx_word' id='word_1_366' title='bbox 592 2881 680 2951; x_wconf 85' lang='lat' dir='ltr'><strong>igitur</strong></span> <span class='ocrx_word' id='word_1_367' title='bbox 703 2890 825 2953; x_wconf 87' lang='lat' dir='ltr'><strong>pastore,</strong></span> <span class='ocrx_word' id='word_1_368' title='bbox 841 2890 991 2953; x_wconf 87' lang='lat' dir='ltr'><strong>susceptus</strong></span> <span class='ocrx_word' id='word_1_369' title='bbox 1046 2878 1337 2937; x_wconf 90' lang='lat' dir='ltr'><strong>runtWolbodonem</strong></span> <span class='ocrx_word' id='word_1_370' title='bbox 1348 2884 1492 2953; x_wconf 83' lang='lat' dir='ltr'><strong>tamquam</strong></span> <span class='ocrx_word' id='word_1_371' title='bbox 1517 2882 1706 2940; x_wconf 82' lang='lat' dir='ltr'><strong>simoniacum</strong></span> <span class='ocrx_word' id='word_1_372' title='bbox 1723 2883 1873 2950; x_wconf 73' lang='lat' dir='ltr'><strong>detestari,</strong></span> 
     </span>
     <span class='ocr_line' id='line_1_31' title="bbox 167 2968 1872 3042; baseline 0.002 -16"><span class='ocrx_word' id='word_1_373' title='bbox 167 2981 207 3027; x_wconf 87' lang='lat' dir='ltr'><strong>est</strong></span> <span class='ocrx_word' id='word_1_374' title='bbox 220 2971 318 3028; x_wconf 81' lang='lat' dir='ltr'><strong>infelix</strong></span> <span class='ocrx_word' id='word_1_375' title='bbox 333 2971 384 3028; x_wconf 92' lang='lat' dir='ltr'><strong>ille</strong></span> <span class='ocrx_word' id='word_1_376' title='bbox 412 2971 606 3028; x_wconf 85' lang='lat' dir='ltr'><strong>mercenarius</strong></span> <span class='ocrx_word' id='word_1_377' title='bbox 621 2987 686 3028; x_wconf 90' lang='lat' dir='ltr'><strong>curn</strong></span> <span class='ocrx_word' id='word_1_378' title='bbox 715 2969 847 3026; x_wconf 77' lang='lat' dir='ltr'><strong>infaustis</strong></span> <span class='ocrx_word' id='word_1_379' title='bbox 860 2972 991 3035; x_wconf 88' lang='lat' dir='ltr'><strong>canticis,</strong></span> <span class='ocrx_word' id='word_1_380' title='bbox 1045 2968 1275 3041; x_wconf 77' lang='lat' dir='ltr'><strong>improperantes</strong></span> <span class='ocrx_word' id='word_1_381' title='bbox 1290 2969 1316 3025; x_wconf 90' lang='lat' dir='ltr'><strong>ei</strong></span> <span class='ocrx_word' id='word_1_382' title='bbox 1331 2971 1405 3041; x_wconf 92' lang='lat' dir='ltr'><strong>quod</strong></span> <span class='ocrx_word' id='word_1_383' title='bbox 1421 2972 1566 3041; x_wconf 91' lang='lat' dir='ltr'><strong>quondam</strong></span> <span class='ocrx_word' id='word_1_384' title='bbox 1587 2971 1781 3042; x_wconf 79' lang='lat' dir='ltr'><strong>abjudicatus,</strong></span> <span class='ocrx_word' id='word_1_385' title='bbox 1795 2988 1872 3032; x_wconf 89' lang='lat' dir='ltr'><strong>nunc</strong></span> 
     </span>
     <span class='ocr_line' id='line_1_32' title="bbox 168 3057 1872 3134; baseline 0.004 -22"><span class='ocrx_word' id='word_1_386' title='bbox 168 3058 316 3114; x_wconf 85' lang='lat' dir='ltr'><strong>monachis</strong></span> <span class='ocrx_word' id='word_1_387' title='bbox 343 3059 413 3115; x_wconf 90' lang='lat' dir='ltr'><strong>illud</strong></span> <span class='ocrx_word' id='word_1_388' title='bbox 453 3059 667 3129; x_wconf 84' lang='lat' dir='ltr'><strong>responsorium</strong></span> <span class='ocrx_word' id='word_1_389' title='bbox 697 3058 894 3115; x_wconf 87' lang='lat' dir='ltr'><strong>canentibus:</strong></span> <span class='ocrx_word' id='word_1_390' title='bbox 922 3059 991 3114; x_wconf 81' lang='lat' dir='ltr'><strong>llear</strong></span> <span class='ocrx_word' id='word_1_391' title='bbox 1045 3071 1096 3128; x_wconf 89' lang='lat' dir='ltr'><strong>per</strong></span> <span class='ocrx_word' id='word_1_392' title='bbox 1111 3058 1262 3128; x_wconf 85' lang='lat' dir='ltr'><strong>pecuniam</strong></span> <span class='ocrx_word' id='word_1_393' title='bbox 1278 3057 1462 3116; x_wconf 89' lang='lat' dir='ltr'><strong>introductus</strong></span> <span class='ocrx_word' id='word_1_394' title='bbox 1475 3059 1505 3117; x_wconf 91' lang='lat' dir='ltr'><strong>in</strong></span> <span class='ocrx_word' id='word_1_395' title='bbox 1522 3059 1605 3118; x_wconf 90' lang='lat' dir='ltr'><strong>bonis</strong></span> <span class='ocrx_word' id='word_1_396' title='bbox 1623 3062 1756 3120; x_wconf 77' lang='lat' dir='ltr'><strong>scelesta</strong></span> <span class='ocrx_word' id='word_1_397' title='bbox 1773 3072 1872 3134; x_wconf 79' lang='lat' dir='ltr'><strong>tyran·</strong></span> 
     </span>
     <span class='ocr_line' id='line_1_33' title="bbox 166 3128 1868 3224; baseline 0.004 -23"><span class='ocrx_word' id='word_1_398' title='bbox 166 3145 352 3203; x_wconf 69' lang='lat' dir='ltr'><strong>domininici</strong></span> <span class='ocrx_word' id='word_1_399' title='bbox 375 3145 523 3216; x_wconf 78' lang='lat' dir='ltr'><strong>Abrohom,</strong></span> <span class='ocrx_word' id='word_1_400' title='bbox 546 3145 638 3216; x_wconf 80' lang='lat' dir='ltr'><strong>dirige</strong></span> <span class='ocrx_word' id='word_1_401' title='bbox 659 3145 734 3202; x_wconf 72' lang='lat' dir='ltr'><strong>mom</strong></span> <span class='ocrx_word' id='word_1_402' title='bbox 757 3162 858 3214; x_wconf 78' lang='lat' dir='ltr'><strong>mrem,</strong></span> <span class='ocrx_word' id='word_1_403' title='bbox 886 3155 941 3205; x_wconf 90' lang='lat' dir='ltr'><strong>ete.</strong></span> <span class='ocrx_word' id='word_1_404' title='bbox 969 3128 1165 3204; x_wconf 82' lang='lat' dir='ltr'><strong>OCniaaret.</strong></span> <span class='ocrx_word' id='word_1_405' title='bbox 1180 3146 1262 3205; x_wconf 82' lang='lat' dir='ltr'><strong>Tunc</strong></span> <span class='ocrx_word' id='word_1_406' title='bbox 1277 3147 1429 3219; x_wconf 87' lang='lat' dir='ltr'><strong>episcopua</strong></span> <span class='ocrx_word' id='word_1_407' title='bbox 1444 3149 1492 3222; x_wconf 90' lang='lat' dir='ltr'><strong>qui</strong></span> <span class='ocrx_word' id='word_1_408' title='bbox 1508 3149 1595 3207; x_wconf 86' lang='lat' dir='ltr'><strong>stulte</strong></span> <span class='ocrx_word' id='word_1_409' title='bbox 1618 3149 1756 3222; x_wconf 86' lang='lat' dir='ltr'><strong>reipsum</strong></span> <span class='ocrx_word' id='word_1_410' title='bbox 1773 3152 1868 3224; x_wconf 89' lang='lat' dir='ltr'><strong>prodi·</strong></span> 
     </span>
     <span class='ocr_line' id='line_1_34' title="bbox 166 3234 1871 3311; baseline 0.003 -20"><span class='ocrx_word' id='word_1_411' title='bbox 166 3234 323 3291; x_wconf 86' lang='lat' dir='ltr'><strong>inlaustum</strong></span> <span class='ocrx_word' id='word_1_412' title='bbox 347 3236 422 3291; x_wconf 89' lang='lat' dir='ltr'><strong>diem</strong></span> <span class='ocrx_word' id='word_1_413' title='bbox 446 3234 530 3292; x_wconf 89' lang='lat' dir='ltr'><strong>ilium</strong></span> <span class='ocrx_word' id='word_1_414' title='bbox 560 3250 647 3307; x_wconf 89' lang='lat' dir='ltr'><strong>quem</strong></span> <span class='ocrx_word' id='word_1_415' title='bbox 670 3243 755 3292; x_wconf 86' lang='lat' dir='ltr'><strong>tante</strong></span> <span class='ocrx_word' id='word_1_416' title='bbox 779 3235 901 3293; x_wconf 80' lang='lat' dir='ltr'><strong>tenebre</strong></span> <span class='ocrx_word' id='word_1_417' title='bbox 923 3244 990 3293; x_wconf 87' lang='lat' dir='ltr'><strong>sunt</strong></span> <span class='ocrx_word' id='word_1_418' title='bbox 1044 3236 1132 3302; x_wconf 91' lang='lat' dir='ltr'><strong>derat,</strong></span> <span class='ocrx_word' id='word_1_419' title='bbox 1163 3243 1272 3309; x_wconf 87' lang='lat' dir='ltr'><strong>partem</strong></span> <span class='ocrx_word' id='word_1_420' title='bbox 1300 3252 1331 3294; x_wconf 91' lang='lat' dir='ltr'><strong>ae</strong></span> <span class='ocrx_word' id='word_1_421' title='bbox 1354 3238 1488 3307; x_wconf 83' lang='lat' dir='ltr'><strong>pecunie</strong></span> <span class='ocrx_word' id='word_1_422' title='bbox 1516 3237 1596 3297; x_wconf 84' lang='lat' dir='ltr'><strong>iliius</strong></span> <span class='ocrx_word' id='word_1_423' title='bbox 1619 3239 1764 3311; x_wconf 83' lang='lat' dir='ltr'><strong>hahuisse,</strong></span> <span class='ocrx_word' id='word_1_424' title='bbox 1797 3246 1871 3299; x_wconf 86' lang='lat' dir='ltr'><strong>tulna</strong></span> 
     </span>
     <span class='ocr_line' id='line_1_35' title="bbox 165 3322 1867 3398; baseline 0.004 -19"><span class='ocrx_word' id='word_1_425' title='bbox 165 3329 273 3381; x_wconf 82' lang='lat' dir='ltr'><strong>secute</strong></span> <span class='ocrx_word' id='word_1_426' title='bbox 302 3322 310 3380; x_wconf 94' lang='lat' dir='ltr'><strong>l</strong></span> <span class='ocrx_word' id='word_1_427' title='bbox 338 3325 473 3396; x_wconf 82' lang='lat' dir='ltr'><strong>Sequenti</strong></span> <span class='ocrx_word' id='word_1_428' title='bbox 502 3325 588 3381; x_wconf 90' lang='lat' dir='ltr'><strong>etiam</strong></span> <span class='ocrx_word' id='word_1_429' title='bbox 618 3324 664 3381; x_wconf 92' lang='lat' dir='ltr'><strong>die</strong></span> <span class='ocrx_word' id='word_1_430' title='bbox 683 3333 816 3396; x_wconf 82' lang='lat' dir='ltr'><strong>exceptus</strong></span> <span class='ocrx_word' id='word_1_431' title='bbox 844 3332 885 3383; x_wconf 88' lang='lat' dir='ltr'><strong>est</strong></span> <span class='ocrx_word' id='word_1_432' title='bbox 914 3325 989 3397; x_wconf 87' lang='lat' dir='ltr'><strong>bopo</strong></span> <span class='ocrx_word' id='word_1_433' title='bbox 1044 3333 1142 3383; x_wconf 76' lang='lat' dir='ltr'><strong>eontra</strong></span> <span class='ocrx_word' id='word_1_434' title='bbox 1157 3327 1312 3384; x_wconf 89' lang='lat' dir='ltr'><strong>monachos</strong></span> <span class='ocrx_word' id='word_1_435' title='bbox 1327 3326 1459 3398; x_wconf 88' lang='lat' dir='ltr'><strong>insurgit.</strong></span> <span class='ocrx_word' id='word_1_436' title='bbox 1476 3328 1555 3395; x_wconf 86' lang='lat' dir='ltr'><strong>Quod</strong></span> <span class='ocrx_word' id='word_1_437' title='bbox 1579 3329 1710 3388; x_wconf 82' lang='lat' dir='ltr'><strong>videntes</strong></span> <span class='ocrx_word' id='word_1_438' title='bbox 1723 3330 1867 3396; x_wconf 87' lang='lat' dir='ltr'><strong>monachi,</strong></span> 
     </span>
     <span class='ocr_line' id='line_1_36' title="bbox 163 3411 1867 3490; baseline 0.005 -21"><span class='ocrx_word' id='word_1_439' title='bbox 163 3411 215 3469; x_wconf 91' lang='lat' dir='ltr'><strong>ille</strong></span> <span class='ocrx_word' id='word_1_440' title='bbox 225 3412 437 3476; x_wconf 82' lang='lat' dir='ltr'><strong>hasbaniensis.</strong></span> <span class='ocrx_word' id='word_1_441' title='bbox 454 3414 503 3486; x_wconf 93' lang='lat' dir='ltr'><strong>qui</strong></span> <span class='ocrx_word' id='word_1_442' title='bbox 518 3415 554 3470; x_wconf 90' lang='lat' dir='ltr'><strong>de</strong></span> <span class='ocrx_word' id='word_1_443' title='bbox 578 3413 699 3472; x_wconf 83' lang='lat' dir='ltr'><strong>ecclesia</strong></span> <span class='ocrx_word' id='word_1_444' title='bbox 726 3414 818 3471; x_wconf 90' lang='lat' dir='ltr'><strong>sancti</strong></span> <span class='ocrx_word' id='word_1_445' title='bbox 846 3414 990 3473; x_wconf 77' lang='lat' dir='ltr'><strong>&#39;l&#39;rudonis</strong></span> <span class='ocrx_word' id='word_1_446' title='bbox 1044 3416 1247 3473; x_wconf 82' lang='lat' dir='ltr'><strong>communibus</strong></span> <span class='ocrx_word' id='word_1_447' title='bbox 1261 3415 1518 3488; x_wconf 73' lang='lat' dir='ltr'><strong>supplicationibus</strong></span> <span class='ocrx_word' id='word_1_448' title='bbox 1533 3417 1563 3474; x_wconf 92' lang='lat' dir='ltr'><strong>in</strong></span> <span class='ocrx_word' id='word_1_449' title='bbox 1578 3419 1726 3476; x_wconf 88' lang='lat' dir='ltr'><strong>commoni</strong></span> <span class='ocrx_word' id='word_1_450' title='bbox 1741 3419 1867 3490; x_wconf 81' lang='lat' dir='ltr'><strong>statutis,</strong></span> 
     </span>
     <span class='ocr_line' id='line_1_37' title="bbox 166 3502 1867 3580; baseline 0.004 -22"><span class='ocrx_word' id='word_1_451' title='bbox 166 3502 269 3559; x_wconf 85' lang='lat' dir='ltr'><strong>iecerat</strong></span> <span class='ocrx_word' id='word_1_452' title='bbox 284 3502 450 3575; x_wconf 82' lang='lat' dir='ltr'><strong>speluncam</strong></span> <span class='ocrx_word' id='word_1_453' title='bbox 479 3502 633 3560; x_wconf 85' lang='lat' dir='ltr'><strong>latronum.</strong></span> <span class='ocrx_word' id='word_1_454' title='bbox 659 3502 682 3559; x_wconf 91' lang='lat'>0</span> <span class='ocrx_word' id='word_1_455' title='bbox 711 3517 774 3560; x_wconf 85' lang='lat' dir='ltr'><strong>rere</strong></span> <span class='ocrx_word' id='word_1_456' title='bbox 802 3507 930 3575; x_wconf 88' lang='lat' dir='ltr'><strong>tempera</strong></span> <span class='ocrx_word' id='word_1_457' title='bbox 945 3504 989 3560; x_wconf 93' lang='lat' dir='ltr'><strong>in·</strong></span> <span class='ocrx_word' id='word_1_458' title='bbox 1045 3504 1296 3576; x_wconf 87' lang='lat' dir='ltr'><strong>prosternebantur</strong></span> <span class='ocrx_word' id='word_1_459' title='bbox 1320 3505 1443 3577; x_wconf 77' lang='lat' dir='ltr'><strong>singuiis</strong></span> <span class='ocrx_word' id='word_1_460' title='bbox 1464 3506 1596 3565; x_wconf 87' lang='lat' dir='ltr'><strong>noctibus</strong></span> <span class='ocrx_word' id='word_1_461' title='bbox 1618 3508 1650 3566; x_wconf 87' lang='lat' dir='ltr'><strong>ln</strong></span> <span class='ocrx_word' id='word_1_462' title='bbox 1675 3514 1774 3580; x_wconf 74' lang='lat' dir='ltr'><strong>crypta</strong></span> <span class='ocrx_word' id='word_1_463' title='bbox 1804 3517 1867 3566; x_wconf 91' lang='lat' dir='ltr'><strong>ante</strong></span> 
     </span>
     <span class='ocr_line' id='line_1_38' title="bbox 165 3591 1866 3666; baseline 0.003 -18"><span class='ocrx_word' id='word_1_464' title='bbox 165 3591 289 3649; x_wconf 89' lang='lat' dir='ltr'><strong>ieiicial</strong></span> <span class='ocrx_word' id='word_1_465' title='bbox 317 3591 388 3649; x_wconf 88' lang='lat' dir='ltr'><strong>llam</strong></span> <span class='ocrx_word' id='word_1_466' title='bbox 408 3607 474 3650; x_wconf 92' lang='lat' dir='ltr'><strong>cum</strong></span> <span class='ocrx_word' id='word_1_467' title='bbox 501 3592 677 3650; x_wconf 82' lang='lat' dir='ltr'><strong>wolbodone</strong></span> <span class='ocrx_word' id='word_1_468' title='bbox 701 3594 819 3651; x_wconf 80' lang='lat' dir='ltr'><strong>ueniens</strong></span> <span class='ocrx_word' id='word_1_469' title='bbox 842 3594 937 3651; x_wconf 88' lang='lat' dir='ltr'><strong>statim</strong></span> <span class='ocrx_word' id='word_1_470' title='bbox 960 3609 990 3650; x_wconf 90' lang='lat' dir='ltr'><strong>ae</strong></span> <span class='ocrx_word' id='word_1_471' title='bbox 1044 3591 1134 3651; x_wconf 85' lang='lat' dir='ltr'><strong>altare</strong></span> <span class='ocrx_word' id='word_1_472' title='bbox 1144 3593 1233 3651; x_wconf 85' lang='lat' dir='ltr'><strong>beate</strong></span> <span class='ocrx_word' id='word_1_473' title='bbox 1248 3593 1345 3651; x_wconf 82' lang='lat' dir='ltr'><strong>biarie</strong></span> <span class='ocrx_word' id='word_1_474' title='bbox 1368 3593 1503 3666; x_wconf 84' lang='lat' dir='ltr'><strong>Virginis,</strong></span> <span class='ocrx_word' id='word_1_475' title='bbox 1517 3605 1544 3653; x_wconf 92' lang='lat' dir='ltr'><strong>et</strong></span> <span class='ocrx_word' id='word_1_476' title='bbox 1566 3597 1600 3653; x_wconf 92' lang='lat' dir='ltr'><strong>ad</strong></span> <span class='ocrx_word' id='word_1_477' title='bbox 1617 3598 1758 3655; x_wconf 88' lang='lat' dir='ltr'><strong>tumulum</strong></span> <span class='ocrx_word' id='word_1_478' title='bbox 1774 3598 1866 3656; x_wconf 77' lang='lat' dir='ltr'><strong>uncti</strong></span> 
     </span>
     <span class='ocr_line' id='line_1_39' title="bbox 168 3681 1865 3760; baseline 0.004 -22"><span class='ocrx_word' id='word_1_479' title='bbox 168 3681 292 3738; x_wconf 89' lang='lat' dir='ltr'><strong>ostendit</strong></span> <span class='ocrx_word' id='word_1_480' title='bbox 319 3690 428 3740; x_wconf 87' lang='lat' dir='ltr'><strong>armata</strong></span> <span class='ocrx_word' id='word_1_481' title='bbox 447 3691 566 3754; x_wconf 86' lang='lat' dir='ltr'><strong>egestas,</strong></span> <span class='ocrx_word' id='word_1_482' title='bbox 593 3681 631 3739; x_wconf 90' lang='lat' dir='ltr'><strong>ita</strong></span> <span class='ocrx_word' id='word_1_483' title='bbox 668 3698 734 3739; x_wconf 90' lang='lat' dir='ltr'><strong>eum</strong></span> <span class='ocrx_word' id='word_1_484' title='bbox 764 3682 867 3741; x_wconf 89' lang='lat' dir='ltr'><strong>debitis</strong></span> <span class='ocrx_word' id='word_1_485' title='bbox 894 3683 990 3755; x_wconf 84' lang='lat' dir='ltr'><strong>exagi-</strong></span> <span class='ocrx_word' id='word_1_486' title='bbox 1044 3681 1170 3752; x_wconf 88' lang='lat' dir='ltr'><strong>episcopi</strong></span> <span class='ocrx_word' id='word_1_487' title='bbox 1183 3681 1374 3740; x_wconf 88' lang='lat' dir='ltr'><strong>Wolbodonis</strong></span> <span class='ocrx_word' id='word_1_488' title='bbox 1389 3685 1482 3755; x_wconf 87' lang='lat' dir='ltr'><strong>;qncd</strong></span> <span class='ocrx_word' id='word_1_489' title='bbox 1495 3694 1646 3756; x_wconf 87' lang='lat' dir='ltr'><strong>acceptum</strong></span> <span class='ocrx_word' id='word_1_490' title='bbox 1667 3687 1755 3745; x_wconf 85' lang='lat' dir='ltr'><strong>luisse</strong></span> <span class='ocrx_word' id='word_1_491' title='bbox 1768 3703 1865 3760; x_wconf 84' lang='lat' dir='ltr'><strong>super·</strong></span> 
     </span>
     <span class='ocr_line' id='line_1_40' title="bbox 167 3770 1863 3851; baseline 0.005 -25"><span class='ocrx_word' id='word_1_492' title='bbox 167 3771 302 3840; x_wconf 89' lang='lat' dir='ltr'><strong>tentibus,</strong></span> <span class='ocrx_word' id='word_1_493' title='bbox 329 3780 358 3828; x_wconf 93' lang='lat' dir='ltr'><strong>ut</strong></span> <span class='ocrx_word' id='word_1_494' title='bbox 383 3773 469 3829; x_wconf 89' lang='lat' dir='ltr'><strong>ieram</strong></span> <span class='ocrx_word' id='word_1_495' title='bbox 495 3772 623 3844; x_wconf 88' lang='lat' dir='ltr'><strong>rapidam</strong></span> <span class='ocrx_word' id='word_1_496' title='bbox 648 3772 737 3830; x_wconf 83' lang='lat' dir='ltr'><strong>tames</strong></span> <span class='ocrx_word' id='word_1_497' title='bbox 761 3772 853 3829; x_wconf 88' lang='lat' dir='ltr'><strong>relida</strong></span> <span class='ocrx_word' id='word_1_498' title='bbox 876 3787 992 3845; x_wconf 85' lang='lat' dir='ltr'><strong>exaspe·</strong></span> <span class='ocrx_word' id='word_1_499' title='bbox 1046 3770 1320 3830; x_wconf 88' lang='lat' dir='ltr'><strong>clarerelationihne</strong></span> <span class='ocrx_word' id='word_1_500' title='bbox 1340 3773 1499 3831; x_wconf 86' lang='lat' dir='ltr'><strong>indicatum</strong></span> <span class='ocrx_word' id='word_1_501' title='bbox 1524 3780 1579 3832; x_wconf 87' lang='lat' dir='ltr'><strong>eat.</strong></span> <span class='ocrx_word' id='word_1_502' title='bbox 1596 3775 1667 3834; x_wconf 86' lang='lat' dir='ltr'><strong>Nam</strong></span> <span class='ocrx_word' id='word_1_503' title='bbox 1692 3777 1763 3835; x_wconf 80' lang='lat' dir='ltr'><strong>vidit</strong></span> <span class='ocrx_word' id='word_1_504' title='bbox 1790 3776 1863 3851; x_wconf 89' lang='lat' dir='ltr'><strong>quia·</strong></span> 
     </span>
     <span class='ocr_line' id='line_1_41' title="bbox 168 3860 1867 3934; baseline 0.004 -18"><span class='ocrx_word' id='word_1_505' title='bbox 168 3867 221 3917; x_wconf 91' lang='lat' dir='ltr'><strong>rut.</strong></span> <span class='ocrx_word' id='word_1_506' title='bbox 239 3860 553 3934; x_wconf 77' lang='lat' dir='ltr'><strong>utqntdamprimotn</strong></span> <span class='ocrx_word' id='word_1_507' title='bbox 575 3876 728 3932; x_wconf 89' lang='lat' dir='ltr'><strong>pauperem</strong></span> <span class='ocrx_word' id='word_1_508' title='bbox 752 3860 880 3918; x_wconf 88' lang='lat' dir='ltr'><strong>ecclesie</strong></span> <span class='ocrx_word' id='word_1_509' title='bbox 908 3861 990 3918; x_wconf 87' lang='lat' dir='ltr'><strong>tami·</strong></span> <span class='ocrx_word' id='word_1_510' title='bbox 1046 3861 1318 3933; x_wconf 86' lang='lat' dir='ltr'><strong>quamnarimcum</strong></span> <span class='ocrx_word' id='word_1_511' title='bbox 1342 3864 1492 3920; x_wconf 84' lang='lat' dir='ltr'><strong>monachis</strong></span> <span class='ocrx_word' id='word_1_512' title='bbox 1515 3863 1546 3921; x_wconf 92' lang='lat' dir='ltr'><strong>in</strong></span> <span class='ocrx_word' id='word_1_513' title='bbox 1573 3865 1646 3923; x_wconf 90' lang='lat' dir='ltr'><strong>mari</strong></span> <span class='ocrx_word' id='word_1_514' title='bbox 1674 3866 1867 3934; x_wconf 71' lang='lat' dir='ltr'><strong>turbatama</strong></span> 
     </span>
     <span class='ocr_line' id='line_1_42' title="bbox 167 3947 1866 4029; baseline 0.004 -23"><span class='ocrx_word' id='word_1_515' title='bbox 167 3947 235 4007; x_wconf 89' lang='lat' dir='ltr'><strong>liam</strong></span> <span class='ocrx_word' id='word_1_516' title='bbox 259 3953 349 4008; x_wconf 84' lang='lat' dir='ltr'><strong>durus</strong></span> <span class='ocrx_word' id='word_1_517' title='bbox 372 3959 485 4008; x_wconf 82' lang='lat' dir='ltr'><strong>exactor</strong></span> <span class='ocrx_word' id='word_1_518' title='bbox 519 3950 660 4019; x_wconf 89' lang='lat' dir='ltr'><strong>incubuit,</strong></span> <span class='ocrx_word' id='word_1_519' title='bbox 689 3966 768 4008; x_wconf 92' lang='lat' dir='ltr'><strong>nune</strong></span> <span class='ocrx_word' id='word_1_520' title='bbox 792 3966 888 4023; x_wconf 84' lang='lat' dir='ltr'><strong>prece,</strong></span> <span class='ocrx_word' id='word_1_521' title='bbox 913 3965 992 4009; x_wconf 88' lang='lat' dir='ltr'><strong>nunc</strong></span> <span class='ocrx_word' id='word_1_522' title='bbox 1047 3947 1128 4005; x_wconf 88' lang='lat' dir='ltr'><strong>beata</strong></span> <span class='ocrx_word' id='word_1_523' title='bbox 1143 3948 1281 4006; x_wconf 85' lang='lat' dir='ltr'><strong>liariaad</strong></span> <span class='ocrx_word' id='word_1_524' title='bbox 1298 3951 1554 4023; x_wconf 88' lang='lat' dir='ltr'><strong>tittuaperdnctsm</strong></span> <span class='ocrx_word' id='word_1_525' title='bbox 1570 3953 1866 4029; x_wconf 86' lang='lat' dir='ltr'><strong>inisse,eanotnmqne</strong></span> 
     </span>
     <span class='ocr_line' id='line_1_43' title="bbox 167 4036 1867 4112; baseline 0.002 -17"><span class='ocrx_word' id='word_1_526' title='bbox 167 4039 238 4095; x_wconf 89' lang='lat' dir='ltr'><strong>dura</strong></span> <span class='ocrx_word' id='word_1_527' title='bbox 257 4039 319 4109; x_wconf 91' lang='lat' dir='ltr'><strong>lege</strong></span> <span class='ocrx_word' id='word_1_528' title='bbox 338 4038 437 4112; x_wconf 87' lang='lat' dir='ltr'><strong>placiti</strong></span> <span class='ocrx_word' id='word_1_529' title='bbox 462 4041 589 4111; x_wconf 77' lang='lat' dir='ltr'><strong>predam</strong></span> <span class='ocrx_word' id='word_1_530' title='bbox 614 4040 722 4097; x_wconf 88' lang='lat' dir='ltr'><strong>iaciens</strong></span> <span class='ocrx_word' id='word_1_531' title='bbox 745 4055 780 4096; x_wconf 82' lang='lat' dir='ltr'><strong>er</strong></span> <span class='ocrx_word' id='word_1_532' title='bbox 799 4054 898 4097; x_wconf 91' lang='lat' dir='ltr'><strong>eorum</strong></span> <span class='ocrx_word' id='word_1_533' title='bbox 923 4040 991 4096; x_wconf 89' lang='lat' dir='ltr'><strong>auh·</strong></span> <span class='ocrx_word' id='word_1_534' title='bbox 1046 4036 1212 4110; x_wconf 88' lang='lat' dir='ltr'><strong>episcopum</strong></span> <span class='ocrx_word' id='word_1_535' title='bbox 1224 4037 1435 4098; x_wconf 88' lang='lat' dir='ltr'><strong>Wnihodonem</strong></span> <span class='ocrx_word' id='word_1_536' title='bbox 1450 4041 1487 4099; x_wconf 87' lang='lat' dir='ltr'><strong>ad</strong></span> <span class='ocrx_word' id='word_1_537' title='bbox 1513 4040 1603 4101; x_wconf 85' lang='lat' dir='ltr'><strong>altare</strong></span> <span class='ocrx_word' id='word_1_538' title='bbox 1616 4044 1710 4101; x_wconf 72' lang='lat' dir='ltr'><strong>uncti</strong></span> <span class='ocrx_word' id='word_1_539' title='bbox 1725 4043 1867 4104; x_wconf 85' lang='lat' dir='ltr'><strong>Laurentii</strong></span> 
     </span>
     <span class='ocr_line' id='line_1_44' title="bbox 168 4126 1865 4207; baseline 0.004 -24"><span class='ocrx_word' id='word_1_540' title='bbox 168 4128 280 4183; x_wconf 91' lang='lat' dir='ltr'><strong>stantiia</strong></span> <span class='ocrx_word' id='word_1_541' title='bbox 291 4142 300 4195; x_wconf 81' lang='lat'>3</span> <span class='ocrx_word' id='word_1_542' title='bbox 312 4127 418 4184; x_wconf 90' lang='lat' dir='ltr'><strong>deinde</strong></span> <span class='ocrx_word' id='word_1_543' title='bbox 442 4128 547 4184; x_wconf 87' lang='lat' dir='ltr'><strong>londos</strong></span> <span class='ocrx_word' id='word_1_544' title='bbox 565 4127 704 4196; x_wconf 88' lang='lat' dir='ltr'><strong>ecclesie,</strong></span> <span class='ocrx_word' id='word_1_545' title='bbox 730 4127 857 4184; x_wconf 89' lang='lat' dir='ltr'><strong>decimas</strong></span> <span class='ocrx_word' id='word_1_546' title='bbox 880 4142 993 4199; x_wconf 90' lang='lat' dir='ltr'><strong>quoqne</strong></span> <span class='ocrx_word' id='word_1_547' title='bbox 1046 4126 1219 4185; x_wconf 82' lang='lat' dir='ltr'><strong>sacrificium</strong></span> <span class='ocrx_word' id='word_1_548' title='bbox 1233 4129 1325 4188; x_wconf 89' lang='lat' dir='ltr'><strong>landis</strong></span> <span class='ocrx_word' id='word_1_549' title='bbox 1339 4130 1485 4198; x_wconf 87' lang='lat' dir='ltr'><strong>obtulisse,</strong></span> <span class='ocrx_word' id='word_1_550' title='bbox 1500 4139 1528 4190; x_wconf 89' lang='lat' dir='ltr'><strong>et</strong></span> <span class='ocrx_word' id='word_1_551' title='bbox 1551 4133 1683 4192; x_wconf 90' lang='lat' dir='ltr'><strong>haculum</strong></span> <span class='ocrx_word' id='word_1_552' title='bbox 1698 4136 1865 4207; x_wconf 86' lang='lat' dir='ltr'><strong>pastoralem</strong></span> 
     </span>
     <span class='ocr_line' id='line_1_45' title="bbox 170 4215 1866 4294; baseline 0.006 -22"><span class='ocrx_word' id='word_1_553' title='bbox 170 4216 307 4288; x_wconf 85' lang='lat' dir='ltr'><strong>paulatim</strong></span> <span class='ocrx_word' id='word_1_554' title='bbox 318 4216 495 4288; x_wconf 84' lang='lat' dir='ltr'><strong>oppignerat,</strong></span> <span class='ocrx_word' id='word_1_555' title='bbox 509 4217 612 4288; x_wconf 87' lang='lat' dir='ltr'><strong>parlim</strong></span> <span class='ocrx_word' id='word_1_556' title='bbox 637 4216 763 4273; x_wconf 82' lang='lat' dir='ltr'><strong>vendens</strong></span> <span class='ocrx_word' id='word_1_557' title='bbox 777 4216 807 4273; x_wconf 91' lang='lat' dir='ltr'><strong>ln</strong></span> <span class='ocrx_word' id='word_1_558' title='bbox 824 4223 992 4290; x_wconf 88' lang='lat' dir='ltr'><strong>perpetuum</strong></span> <span class='ocrx_word' id='word_1_559' title='bbox 1046 4215 1235 4275; x_wconf 82' lang='lat' dir='ltr'><strong>wolbodonis</strong></span> <span class='ocrx_word' id='word_1_560' title='bbox 1248 4218 1278 4275; x_wconf 93' lang='lat' dir='ltr'><strong>in</strong></span> <span class='ocrx_word' id='word_1_561' title='bbox 1295 4234 1381 4277; x_wconf 89' lang='lat' dir='ltr'><strong>manu</strong></span> <span class='ocrx_word' id='word_1_562' title='bbox 1410 4220 1471 4292; x_wconf 79' lang='lat' dir='ltr'><strong>eius</strong></span> <span class='ocrx_word' id='word_1_563' title='bbox 1491 4222 1612 4280; x_wconf 80' lang='lat' dir='ltr'><strong>fractum</strong></span> <span class='ocrx_word' id='word_1_564' title='bbox 1636 4239 1686 4294; x_wconf 88' lang='lat' dir='ltr'><strong>per</strong></span> <span class='ocrx_word' id='word_1_565' title='bbox 1699 4223 1866 4282; x_wconf 85' lang='lat' dir='ltr'><strong>innumeras</strong></span> 
     </span>
     <span class='ocr_line' id='line_1_46' title="bbox 170 4304 1318 4377; baseline 0.002 -16"><span class='ocrx_word' id='word_1_566' title='bbox 170 4305 287 4375; x_wconf 89' lang='lat' dir='ltr'><strong>alienat,</strong></span> <span class='ocrx_word' id='word_1_567' title='bbox 318 4305 460 4363; x_wconf 88' lang='lat' dir='ltr'><strong>nonnulle</strong></span> <span class='ocrx_word' id='word_1_568' title='bbox 492 4304 545 4362; x_wconf 90' lang='lat' dir='ltr'><strong>suh</strong></span> <span class='ocrx_word' id='word_1_569' title='bbox 583 4305 749 4362; x_wconf 86' lang='lat' dir='ltr'><strong>conditione</strong></span> <span class='ocrx_word' id='word_1_570' title='bbox 772 4305 861 4362; x_wconf 88' lang='lat' dir='ltr'><strong>annui</strong></span> <span class='ocrx_word' id='word_1_571' title='bbox 887 4320 993 4362; x_wconf 87' lang='lat' dir='ltr'><strong>census</strong></span> <span class='ocrx_word' id='word_1_572' title='bbox 1047 4314 1140 4377; x_wconf 82' lang='lat' dir='ltr'><strong>partes</strong></span> <span class='ocrx_word' id='word_1_573' title='bbox 1150 4305 1318 4365; x_wconf 87' lang='lat' dir='ltr'><strong>dissiluisse.</strong></span> 
     </span>
     <span class='ocr_line' id='line_1_47' title="bbox 171 4393 1865 4477; baseline 0.005 -25"><span class='ocrx_word' id='word_1_574' title='bbox 171 4396 344 4467; x_wconf 87' lang='lat' dir='ltr'><strong>emancipet,</strong></span> <span class='ocrx_word' id='word_1_575' title='bbox 371 4395 428 4451; x_wconf 86' lang='lat' dir='ltr'><strong>alia</strong></span> <span class='ocrx_word' id='word_1_576' title='bbox 463 4395 493 4452; x_wconf 94' lang='lat' dir='ltr'><strong>in</strong></span> <span class='ocrx_word' id='word_1_577' title='bbox 518 4394 689 4451; x_wconf 86' lang='lat' dir='ltr'><strong>benolieiom</strong></span> <span class='ocrx_word' id='word_1_578' title='bbox 714 4394 817 4451; x_wconf 88' lang='lat' dir='ltr'><strong>alienis</strong></span> <span class='ocrx_word' id='word_1_579' title='bbox 842 4393 993 4452; x_wconf 85' lang='lat' dir='ltr'><strong>heredibus</strong></span> <span class='ocrx_word' id='word_1_580' title='bbox 1081 4395 1126 4451; x_wconf 79' lang='lat' dir='ltr'><strong>tu.</strong></span> <span class='ocrx_word' id='word_1_581' title='bbox 1142 4393 1429 4469; x_wconf 87' lang='lat' dir='ltr'><strong>Obertusepiaecpns</strong></span> <span class='ocrx_word' id='word_1_582' title='bbox 1444 4400 1776 4470; x_wconf 83' lang='lat' dir='ltr'><strong>monachicarersns‚co</strong></span> <span class='ocrx_word' id='word_1_583' title='bbox 1795 4401 1865 4477; x_wconf 91' lang='lat' dir='ltr'><strong>qnod</strong></span> 
     </span>
     <span class='ocr_line' id='line_1_48' title="bbox 169 4483 1866 4567; baseline 0.005 -27"><span class='ocrx_word' id='word_1_584' title='bbox 169 4484 266 4541; x_wconf 88' lang='lat' dir='ltr'><strong>donat.</strong></span> <span class='ocrx_word' id='word_1_585' title='bbox 291 4484 372 4551; x_wconf 80' lang='lat' dir='ltr'><strong>Quod</strong></span> <span class='ocrx_word' id='word_1_586' title='bbox 388 4484 517 4541; x_wconf 83' lang='lat' dir='ltr'><strong>videntes</strong></span> <span class='ocrx_word' id='word_1_587' title='bbox 531 4483 668 4540; x_wconf 87' lang='lat' dir='ltr'><strong>monachi</strong></span> <span class='ocrx_word' id='word_1_588' title='bbox 695 4491 842 4554; x_wconf 80' lang='lat' dir='ltr'><strong>oeperunt</strong></span> <span class='ocrx_word' id='word_1_589' title='bbox 865 4500 896 4542; x_wconf 89' lang='lat' dir='ltr'><strong>se</strong></span> <span class='ocrx_word' id='word_1_590' title='bbox 919 4484 992 4541; x_wconf 91' lang='lat' dir='ltr'><strong>inri-</strong></span> <span class='ocrx_word' id='word_1_591' title='bbox 1007 4494 1032 4561; x_wconf 74' lang='lat' dir='ltr'>fl</span> <span class='ocrx_word' id='word_1_592' title='bbox 1046 4484 1083 4542; x_wconf 89' lang='lat' dir='ltr'><strong>de</strong></span> <span class='ocrx_word' id='word_1_593' title='bbox 1097 4485 1219 4543; x_wconf 85' lang='lat' dir='ltr'><strong>aimonis</strong></span> <span class='ocrx_word' id='word_1_594' title='bbox 1243 4485 1378 4545; x_wconf 88' lang='lat' dir='ltr'><strong>iecissent</strong></span> <span class='ocrx_word' id='word_1_595' title='bbox 1406 4489 1595 4558; x_wconf 85' lang='lat' dir='ltr'><strong>mentionem,</strong></span> <span class='ocrx_word' id='word_1_596' title='bbox 1623 4491 1655 4552; x_wconf 90' lang='lat' dir='ltr'><strong>in</strong></span> <span class='ocrx_word' id='word_1_597' title='bbox 1674 4492 1743 4550; x_wconf 88' lang='lat' dir='ltr'><strong>ieria</strong></span> <span class='ocrx_word' id='word_1_598' title='bbox 1771 4500 1866 4567; x_wconf 88' lang='lat' dir='ltr'><strong>quarta</strong></span> 
     </span>
     <span class='ocr_line' id='line_1_49' title="bbox 169 4572 1866 4655; baseline 0.006 -25"><span class='ocrx_word' id='word_1_599' title='bbox 169 4587 231 4630; x_wconf 88' lang='lat' dir='ltr'><strong>cem</strong></span> <span class='ocrx_word' id='word_1_600' title='bbox 253 4573 372 4630; x_wconf 86' lang='lat' dir='ltr'><strong>rixando</strong></span> <span class='ocrx_word' id='word_1_601' title='bbox 397 4573 541 4640; x_wconf 82' lang='lat' dir='ltr'><strong>detestari,</strong></span> <span class='ocrx_word' id='word_1_602' title='bbox 566 4573 695 4630; x_wconf 87' lang='lat' dir='ltr'><strong>abbatem</strong></span> <span class='ocrx_word' id='word_1_603' title='bbox 721 4572 908 4646; x_wconf 75' lang='lat' dir='ltr'><strong>beringerum</strong></span> <span class='ocrx_word' id='word_1_604' title='bbox 933 4573 994 4632; x_wconf 87' lang='lat' dir='ltr'><strong>hec</strong></span> <span class='ocrx_word' id='word_1_605' title='bbox 1047 4578 1617 4651; x_wconf 80' lang='lat' dir='ltr'><strong>dominicepassionieloe.1095.ldnrl.</strong></span> <span class='ocrx_word' id='word_1_606' title='bbox 1634 4584 1866 4655; x_wconf 82' lang='lat' dir='ltr'><strong>21),anmnutto</strong></span> 
     </span>
     <span class='ocr_line' id='line_1_50' title="bbox 168 4661 1866 4747; baseline 0.008 -29"><span class='ocrx_word' id='word_1_607' title='bbox 168 4661 266 4718; x_wconf 91' lang='lat' dir='ltr'><strong>omnia</strong></span> <span class='ocrx_word' id='word_1_608' title='bbox 277 4662 443 4735; x_wconf 80' lang='lat' dir='ltr'><strong>predixisse</strong></span> <span class='ocrx_word' id='word_1_609' title='bbox 457 4662 610 4719; x_wconf 90' lang='lat' dir='ltr'><strong>relerentes</strong></span> <span class='ocrx_word' id='word_1_610' title='bbox 627 4686 635 4731; x_wconf 70' lang='grc' dir='ltr'><strong>ς</strong></span> <span class='ocrx_word' id='word_1_611' title='bbox 651 4662 768 4734; x_wconf 83' lang='lat' dir='ltr'><strong>ejusque</strong></span> <span class='ocrx_word' id='word_1_612' title='bbox 793 4662 934 4722; x_wconf 79' lang='lat' dir='ltr'><strong>beneficia</strong></span> <span class='ocrx_word' id='word_1_613' title='bbox 948 4680 994 4721; x_wconf 91' lang='lat' dir='ltr'><strong>re·</strong></span> <span class='ocrx_word' id='word_1_614' title='bbox 1048 4666 1179 4739; x_wconf 87' lang='lat' dir='ltr'><strong>imperio,</strong></span> <span class='ocrx_word' id='word_1_615' title='bbox 1195 4667 1467 4728; x_wconf 88' lang='lat' dir='ltr'><strong>nullisclamorihus</strong></span> <span class='ocrx_word' id='word_1_616' title='bbox 1485 4671 1563 4731; x_wconf 86' lang='lat' dir='ltr'><strong>flecti</strong></span> <span class='ocrx_word' id='word_1_617' title='bbox 1585 4681 1713 4745; x_wconf 83' lang='lat' dir='ltr'><strong>possent</strong></span> <span class='ocrx_word' id='word_1_618' title='bbox 1728 4676 1763 4732; x_wconf 90' lang='lat' dir='ltr'><strong>ad</strong></span> <span class='ocrx_word' id='word_1_619' title='bbox 1776 4674 1866 4747; x_wconf 87' lang='lat' dir='ltr'><strong>subje-</strong></span> 
     </span>
     <span class='ocr_line' id='line_1_51' title="bbox 170 4751 1868 4832; baseline 0.007 -24"><span class='ocrx_word' id='word_1_620' title='bbox 170 4752 306 4819; x_wconf 86' lang='lat' dir='ltr'><strong>cotentes,</strong></span> <span class='ocrx_word' id='word_1_621' title='bbox 334 4766 430 4807; x_wconf 89' lang='lat' dir='ltr'><strong>eorum</strong></span> <span class='ocrx_word' id='word_1_622' title='bbox 456 4751 692 4823; x_wconf 88' lang='lat' dir='ltr'><strong>ingratrtndinem</strong></span> <span class='ocrx_word' id='word_1_623' title='bbox 717 4752 886 4824; x_wconf 77' lang='lat' dir='ltr'><strong>arguebant.</strong></span> <span class='ocrx_word' id='word_1_624' title='bbox 909 4755 995 4810; x_wconf 87' lang='lat' dir='ltr'><strong>Prin·</strong></span> <span class='ocrx_word' id='word_1_625' title='bbox 1049 4758 1173 4813; x_wconf 89' lang='lat' dir='ltr'><strong>ctionem</strong></span> <span class='ocrx_word' id='word_1_626' title='bbox 1189 4755 1390 4829; x_wconf 84' lang='lat' dir='ltr'><strong>wolbodonis,</strong></span> <span class='ocrx_word' id='word_1_627' title='bbox 1416 4761 1464 4830; x_wconf 91' lang='lat' dir='ltr'><strong>qui</strong></span> <span class='ocrx_word' id='word_1_628' title='bbox 1486 4777 1517 4817; x_wconf 89' lang='lat' dir='ltr'><strong>ae</strong></span> <span class='ocrx_word' id='word_1_629' title='bbox 1541 4778 1558 4817; x_wconf 92' lang='lat' dir='ltr'><strong>a</strong></span> <span class='ocrx_word' id='word_1_630' title='bbox 1586 4764 1789 4823; x_wconf 89' lang='lat' dir='ltr'><strong>communione</strong></span> <span class='ocrx_word' id='word_1_631' title='bbox 1810 4766 1868 4832; x_wconf 82' lang='lat' dir='ltr'><strong>elus</strong></span> 
     </span>
     <span class='ocr_line' id='line_1_52' title="bbox 170 4839 1867 4925; baseline 0.008 -28"><span class='ocrx_word' id='word_1_632' title='bbox 170 4841 248 4911; x_wconf 88' lang='lat' dir='ltr'><strong>cipes</strong></span> <span class='ocrx_word' id='word_1_633' title='bbox 262 4843 347 4896; x_wconf 86' lang='lat' dir='ltr'><strong>etiam</strong></span> <span class='ocrx_word' id='word_1_634' title='bbox 366 4840 449 4909; x_wconf 83' lang='lat' dir='ltr'><strong>hujus</strong></span> <span class='ocrx_word' id='word_1_635' title='bbox 465 4839 654 4910; x_wconf 77' lang='lat' dir='ltr'><strong>patriaesimul</strong></span> <span class='ocrx_word' id='word_1_636' title='bbox 671 4855 736 4896; x_wconf 89' lang='lat' dir='ltr'><strong>cum</strong></span> <span class='ocrx_word' id='word_1_637' title='bbox 757 4839 995 4901; x_wconf 83' lang='lat' dir='ltr'><strong>Godelrldoducc</strong></span> <span class='ocrx_word' id='word_1_638' title='bbox 1049 4845 1259 4914; x_wconf 89' lang='lat' dir='ltr'><strong>abscindentes,</strong></span> <span class='ocrx_word' id='word_1_639' title='bbox 1275 4852 1301 4901; x_wconf 92' lang='lat' dir='ltr'><strong>et</strong></span> <span class='ocrx_word' id='word_1_640' title='bbox 1316 4863 1346 4903; x_wconf 88' lang='lat' dir='ltr'><strong>se</strong></span> <span class='ocrx_word' id='word_1_641' title='bbox 1374 4846 1497 4904; x_wconf 84' lang='lat' dir='ltr'><strong>invicem</strong></span> <span class='ocrx_word' id='word_1_642' title='bbox 1526 4850 1718 4919; x_wconf 87' lang='lat' dir='ltr'><strong>cohortantes,</strong></span> <span class='ocrx_word' id='word_1_643' title='bbox 1743 4867 1867 4925; x_wconf 85' lang='lat' dir='ltr'><strong>perseve-</strong></span> 
     </span>
     <span class='ocr_line' id='line_1_53' title="bbox 171 4930 1867 5011; baseline 0.006 -24"><span class='ocrx_word' id='word_1_644' title='bbox 171 4931 322 4988; x_wconf 87' lang='lat' dir='ltr'><strong>eunsilium</strong></span> <span class='ocrx_word' id='word_1_645' title='bbox 339 4931 477 4996; x_wconf 87' lang='lat' dir='ltr'><strong>inierunt,</strong></span> <span class='ocrx_word' id='word_1_646' title='bbox 488 4934 518 4987; x_wconf 86' lang='lat' dir='ltr'><strong>et</strong></span> <span class='ocrx_word' id='word_1_647' title='bbox 531 4930 626 4986; x_wconf 90' lang='lat' dir='ltr'><strong>Ohertl</strong></span> <span class='ocrx_word' id='word_1_648' title='bbox 641 4930 771 4989; x_wconf 88' lang='lat' dir='ltr'><strong>animum</strong></span> <span class='ocrx_word' id='word_1_649' title='bbox 793 4934 840 4988; x_wconf 85' lang='lat' dir='ltr'><strong>vix</strong></span> <span class='ocrx_word' id='word_1_650' title='bbox 860 4934 995 4992; x_wconf 89' lang='lat' dir='ltr'><strong>obtinue-</strong></span> <span class='ocrx_word' id='word_1_651' title='bbox 1050 4935 1169 4990; x_wconf 87' lang='lat' dir='ltr'><strong>rentiam</strong></span> <span class='ocrx_word' id='word_1_652' title='bbox 1185 4932 1242 4990; x_wconf 89' lang='lat' dir='ltr'><strong>sibi</strong></span> <span class='ocrx_word' id='word_1_653' title='bbox 1258 4939 1358 4991; x_wconf 85' lang='lat' dir='ltr'><strong>mutuo</strong></span> <span class='ocrx_word' id='word_1_654' title='bbox 1374 4934 1493 4993; x_wconf 81' lang='lat' dir='ltr'><strong>damaris</strong></span> <span class='ocrx_word' id='word_1_655' title='bbox 1506 4937 1611 4996; x_wconf 88' lang='lat' dir='ltr'><strong>animis</strong></span> <span class='ocrx_word' id='word_1_656' title='bbox 1625 4941 1806 5011; x_wconf 77' lang='lat' dir='ltr'><strong>devoverant,</strong></span> <span class='ocrx_word' id='word_1_657' title='bbox 1818 4953 1867 4999; x_wconf 89' lang='lat' dir='ltr'><strong>nec</strong></span> 
     </span>
     <span class='ocr_line' id='line_1_54' title="bbox 171 5021 1867 5103; baseline 0.004 -24"><span class='ocrx_word' id='word_1_658' title='bbox 171 5032 245 5089; x_wconf 88' lang='lat' dir='ltr'><strong>rant,</strong></span> <span class='ocrx_word' id='word_1_659' title='bbox 271 5028 302 5080; x_wconf 88' lang='lat' dir='ltr'><strong>ul</strong></span> <span class='ocrx_word' id='word_1_660' title='bbox 342 5023 478 5079; x_wconf 89' lang='lat' dir='ltr'><strong>domnum</strong></span> <span class='ocrx_word' id='word_1_661' title='bbox 522 5021 705 5092; x_wconf 81' lang='lat' dir='ltr'><strong>beringerum</strong></span> <span class='ocrx_word' id='word_1_662' title='bbox 746 5026 934 5092; x_wconf 89' lang='lat' dir='ltr'><strong>remandaret,</strong></span> <span class='ocrx_word' id='word_1_663' title='bbox 967 5031 996 5080; x_wconf 81' lang='lat' dir='ltr'><strong>et</strong></span> <span class='ocrx_word' id='word_1_664' title='bbox 1049 5022 1118 5093; x_wconf 87' lang='lat' dir='ltr'><strong>ipsis</strong></span> <span class='ocrx_word' id='word_1_665' title='bbox 1133 5022 1266 5079; x_wconf 90' lang='lat' dir='ltr'><strong>manibus</strong></span> <span class='ocrx_word' id='word_1_666' title='bbox 1281 5024 1461 5094; x_wconf 83' lang='lat' dir='ltr'><strong>temperarit,</strong></span> <span class='ocrx_word' id='word_1_667' title='bbox 1475 5033 1502 5083; x_wconf 90' lang='lat' dir='ltr'><strong>et</strong></span> <span class='ocrx_word' id='word_1_668' title='bbox 1526 5028 1664 5098; x_wconf 88' lang='lat' dir='ltr'><strong>quosdam</strong></span> <span class='ocrx_word' id='word_1_669' title='bbox 1680 5031 1715 5087; x_wconf 94' lang='lat' dir='ltr'><strong>de</strong></span> <span class='ocrx_word' id='word_1_670' title='bbox 1729 5030 1867 5103; x_wconf 82' lang='lat' dir='ltr'><strong>prioribus</strong></span> 
     </span>
     <span class='ocr_line' id='line_1_55' title="bbox 168 5110 1868 5191; baseline 0.005 -23"><span class='ocrx_word' id='word_1_671' title='bbox 168 5116 286 5168; x_wconf 88' lang='lat' dir='ltr'><strong>domum</strong></span> <span class='ocrx_word' id='word_1_672' title='bbox 312 5115 393 5168; x_wconf 76' lang='lat' dir='ltr'><strong>istem</strong></span> <span class='ocrx_word' id='word_1_673' title='bbox 421 5114 457 5167; x_wconf 88' lang='lat' dir='ltr'><strong>de</strong></span> <span class='ocrx_word' id='word_1_674' title='bbox 481 5126 567 5167; x_wconf 88' lang='lat' dir='ltr'><strong>mann</strong></span> <span class='ocrx_word' id='word_1_675' title='bbox 599 5112 669 5168; x_wconf 71' lang='lat' dir='ltr'><strong>tarrti</strong></span> <span class='ocrx_word' id='word_1_676' title='bbox 694 5113 835 5182; x_wconf 79' lang='lat' dir='ltr'><strong>predonis</strong></span> <span class='ocrx_word' id='word_1_677' title='bbox 862 5115 994 5182; x_wconf 85' lang='lat' dir='ltr'><strong>eriperet.</strong></span> <span class='ocrx_word' id='word_1_678' title='bbox 1050 5110 1191 5167; x_wconf 83' lang='lat' dir='ltr'><strong>violenter</strong></span> <span class='ocrx_word' id='word_1_679' title='bbox 1205 5110 1287 5169; x_wconf 85' lang='lat' dir='ltr'><strong>laicis</strong></span> <span class='ocrx_word' id='word_1_680' title='bbox 1303 5113 1417 5169; x_wconf 79' lang='lat' dir='ltr'><strong>tradidit</strong></span> <span class='ocrx_word' id='word_1_681' title='bbox 1438 5113 1622 5173; x_wconf 87' lang='lat' dir='ltr'><strong>abducendos</strong></span> <span class='ocrx_word' id='word_1_682' title='bbox 1637 5141 1645 5185; x_wconf 81' lang='lat' dir='ltr'><strong>t</strong></span> <span class='ocrx_word' id='word_1_683' title='bbox 1661 5133 1810 5191; x_wconf 89' lang='lat' dir='ltr'><strong>quoscum</strong></span> <span class='ocrx_word' id='word_1_684' title='bbox 1825 5120 1868 5178; x_wconf 84' lang='lat' dir='ltr'><strong>bia</strong></span> 
     </span>
     <span class='ocr_line' id='line_1_56' title="bbox 169 5197 1868 5282; baseline 0.004 -25"><span class='ocrx_word' id='word_1_685' title='bbox 169 5203 371 5275; x_wconf 72' lang='lat' dir='ltr'><strong>Ateplseopus</strong></span> <span class='ocrx_word' id='word_1_686' title='bbox 394 5203 567 5257; x_wconf 88' lang='lat' dir='ltr'><strong>demandato</strong></span> <span class='ocrx_word' id='word_1_687' title='bbox 591 5197 773 5256; x_wconf 83' lang='lat' dir='ltr'><strong>wolbodone</strong></span> <span class='ocrx_word' id='word_1_688' title='bbox 799 5215 894 5257; x_wconf 90' lang='lat' dir='ltr'><strong>eoram</strong></span> <span class='ocrx_word' id='word_1_689' title='bbox 921 5200 995 5257; x_wconf 85' lang='lat' dir='ltr'><strong>lacta</strong></span> <span class='ocrx_word' id='word_1_690' title='bbox 1049 5199 1131 5256; x_wconf 88' lang='lat' dir='ltr'><strong>iuriis</strong></span> <span class='ocrx_word' id='word_1_691' title='bbox 1145 5205 1261 5260; x_wconf 79' lang='lat' dir='ltr'><strong>uincere</strong></span> <span class='ocrx_word' id='word_1_692' title='bbox 1294 5217 1353 5258; x_wconf 93' lang='lat' dir='ltr'><strong>non</strong></span> <span class='ocrx_word' id='word_1_693' title='bbox 1379 5209 1484 5275; x_wconf 84' lang='lat' dir='ltr'><strong>posset,</strong></span> <span class='ocrx_word' id='word_1_694' title='bbox 1516 5206 1629 5263; x_wconf 86' lang='lat' dir='ltr'><strong>tradidit</strong></span> <span class='ocrx_word' id='word_1_695' title='bbox 1657 5224 1706 5265; x_wconf 89' lang='lat' dir='ltr'><strong>eos</strong></span> <span class='ocrx_word' id='word_1_696' title='bbox 1728 5208 1868 5282; x_wconf 80' lang='lat' dir='ltr'><strong>Stephano</strong></span> 
     </span>
     <span class='ocr_line' id='line_1_57' title="bbox 170 5288 1957 5367; baseline 0.004 -22"><span class='ocrx_word' id='word_1_697' title='bbox 170 5291 405 5363; x_wconf 66' lang='lat' dir='ltr'><strong>ejuenrguebatr</strong></span> <span class='ocrx_word' id='word_1_698' title='bbox 430 5293 479 5347; x_wconf 89' lang='lat' dir='ltr'><strong>aed</strong></span> <span class='ocrx_word' id='word_1_699' title='bbox 510 5290 559 5345; x_wconf 89' lang='lat' dir='ltr'><strong>itis</strong></span> <span class='ocrx_word' id='word_1_700' title='bbox 583 5288 826 5360; x_wconf 63' lang='lat' dir='ltr'><strong>improvisoque</strong></span> <span class='ocrx_word' id='word_1_701' title='bbox 850 5303 938 5361; x_wconf 88' lang='lat' dir='ltr'><strong>usqne</strong></span> <span class='ocrx_word' id='word_1_702' title='bbox 965 5289 995 5347; x_wconf 95' lang='lat' dir='ltr'><strong>in</strong></span> <span class='ocrx_word' id='word_1_703' title='bbox 1049 5288 1376 5364; x_wconf 88' lang='lat' dir='ltr'><strong>abhatiSanctilecohl,</strong></span> <span class='ocrx_word' id='word_1_704' title='bbox 1395 5300 1425 5350; x_wconf 92' lang='lat' dir='ltr'><strong>nt</strong></span> <span class='ocrx_word' id='word_1_705' title='bbox 1450 5296 1524 5367; x_wconf 90' lang='lat' dir='ltr'><strong>apud</strong></span> <span class='ocrx_word' id='word_1_706' title='bbox 1546 5294 1630 5354; x_wconf 92' lang='lat' dir='ltr'><strong>illum</strong></span> <span class='ocrx_word' id='word_1_707' title='bbox 1657 5298 1744 5356; x_wconf 86' lang='lat' dir='ltr'><strong>exilio</strong></span> <span class='ocrx_word' id='word_1_708' title='bbox 1767 5299 1869 5358; x_wconf 87' lang='lat' dir='ltr'><strong>detinc-</strong></span> <span class='ocrx_word' id='word_1_709' title='bbox 1956 5349 1957 5352; x_wconf 74' lang='grc'>,</span> 
     </span>
    </p>
   </div>
   <div class='ocr_carea' id='block_1_3' title="bbox 206 5403 1868 5619">
    <p class='ocr_par' dir='ltr' id='par_1_3' title="bbox 206 5403 1868 5619">
     <span class='ocr_line' id='line_1_58' title="bbox 1005 5403 1121 5465; baseline 0 -2"><span class='ocrx_word' id='word_1_710' title='bbox 1005 5403 1121 5465; x_wconf 70' lang='lat' dir='ltr'><strong>tioudi.</strong></span> 
     </span>
     <span class='ocr_line' id='line_1_59' title="bbox 206 5529 1868 5619; baseline 0.016 -39"><span class='ocrx_word' id='word_1_711' title='bbox 206 5529 281 5606; x_wconf 77' lang='lat' dir='ltr'><strong>(tet)</strong></span> <span class='ocrx_word' id='word_1_712' title='bbox 297 5531 541 5593; x_wconf 65' lang='lat' dir='ltr'><strong>eberneicurtem.</strong></span> <span class='ocrx_word' id='word_1_713' title='bbox 1084 5533 1159 5611; x_wconf 76' lang='lat'>(122)</span> <span class='ocrx_word' id='word_1_714' title='bbox 1177 5535 1324 5596; x_wconf 76' lang='lat' dir='ltr'><strong>conudur</strong></span> <span class='ocrx_word' id='word_1_715' title='bbox 1337 5542 1406 5599; x_wconf 89' lang='lat' dir='ltr'><strong>tuoe</strong></span> <span class='ocrx_word' id='word_1_716' title='bbox 1419 5539 1571 5616; x_wconf 86' lang='lat' dir='ltr'><strong>episcopua</strong></span> <span class='ocrx_word' id='word_1_717' title='bbox 1591 5540 1784 5619; x_wconf 70' lang='lat' dir='ltr'><strong>trajectensis</strong></span> <span class='ocrx_word' id='word_1_718' title='bbox 1803 5549 1868 5609; x_wconf 81' lang='lat' dir='ltr'><strong>arat</strong></span> 
     </span>
    </p>
   </div>
   <div class='ocr_carea' id='block_1_4' title="bbox 0 0 1984 6034">
    <p class='ocr_par' dir='ltr' id='par_1_4' title="bbox 0 0 1984 6034">
     <span class='ocr_line' id='line_1_60' title="bbox 0 0 1984 6034; baseline 0 0"><span class='ocrx_word' id='word_1_719' title='bbox 0 0 1984 6034; x_wconf 95' lang='lat' dir='ltr'><strong> </strong></span> 
     </span>
    </p>
   </div>
  </div>
 </body>
</html>
