3950 6034
152 276 230 341 im
450 283 636 352 HISTORIA
656 286 1014 359 concesssimus.
1038 331 1078 347 ·-
1097 302 1173 365 LIB.
1196 303 1249 368 ill.
1273 340 1313 355 -
1332 309 1402 373 ΑΝ.
1425 312 1555 378 illi-8.
1780 324 1858 390 {230

150 421 177 472 et
186 431 236 487 per
246 420 334 518 toturn
345 419 508 479 Gelleciem
523 422 616 481 iecere
645 427 783 500 quidquid
803 431 976 489 reverendus
992 436 1016 501 Α
1032 435 1204 504 οιίΙοιιοιιιιιι
1220 454 1435 517 consenserent,
1446 452 1862 532 eterobieplsoopumlspidsrl

150 506 297 562 Peterstbi
308 507 363 578 ipsi
387 510 556 569 consuleret.
573 513 681 574 Deinde
700 517 838 589 hecquo-l
855 527 977 578 nonest
1037 528 1241 597 permittentes,
1256 547 1322 591 curu
1338 545 1453 607 possent
1466 540 1630 615 defendere,
1647 561 1705 604 uon
1719 546 1860 609 liberere·

150 594 265 653 silentio
280 600 445 671 tegendum,
462 601 510 659 sed
526 603 757 677 insequentibus
782 609 979 666 testimonium
1036 619 1110 681 runt,
1125 621 1154 674 et
1167 618 1209 677 slo
1225 622 1334 694 utrique
1345 624 1385 682 rei
1400 633 1491 697 eraut,
1507 633 1641 703 quonism
1659 637 1774 709 quidam
1785 638 1859 712 ispi·

150 687 349 756 promissionis
372 705 430 745 snm
459 690 490 747 in
508 701 644 764 perpetuo
661 696 850 765 manendum,
872 706 979 757 remoto
1034 702 1179 772 doverant,
1194 708 1246 766 ulii
1259 717 1355 769 autem
1375 730 1434 772 uon
1454 717 1651 792 defenderent,
1668 724 1756 783 Penio
1782 736 1860 786 site·

150 775 230 833 otuni
242 778 376 848 scrupulo
390 781 530 851 adjunxit.
547 785 579 840 lo
608 785 668 841 sois
696 785 828 856 equidem
844 789 978 857 tempori·
1034 795 1275 865 stente,qoouiam
1287 801 1493 873 quilaciuutet
1504 806 1650 880 iniquitati
1661 815 1856 887 consentiunt,

148 864 202 922 bus
217 865 278 924 bec
292 868 415 925 uelonde
425 873 600 928 cousuetudo
615 880 641 930 ot
655 873 831 932 detestabilis
846 876 977 935 inolere·
1034 888 1124 938 morte
1151 884 1230 956 digni
1258 893 1325 945 sont
1348 891 1434 963 (Rom.
1447 910 1468 961 1,
1484 894 1541 967 32),
1553 896 1641 954 soluit
1657 907 1685 956 ut
1701 901 1856 974 burgenses

148 962 268 1027 rat,quss
290 957 446 1015 Ecclesium
461 960 661 1031 gloriosissimi
678 962 812 1035 apostoli,
828 973 856 1022 et
871 965 978 1038 ubique
1033 969 1081 1039 qui
1096 969 1126 1027 iu
1141 975 1290 1044 suorilesio
1304 988 1368 1038 ectu
1392 989 1418 1039 et
1442 998 1585 1042 consensu
1602 997 1682 1046 eruut
1697 999 1853 1061 consortes,

147 1049 287 1103 terrorum
331 1049 488 1111 reuerendi.
542 1051 705 1122 turpissime
747 1055 975 1114 dedecoraverat·
1031 1058 1116 1115 etism
1127 1077 1210 1131 poeua
1226 1064 1325 1124 tierent
1339 1069 1574 1143 participesflom
1589 1084 1684 1135 eutem
1700 1094 1801 1137 omues
1814 1083 1851 1139 sd

146 1133 279 1192 uidelicet
295 1142 325 1193 ut
341 1135 486 1213 quodlibet
506 1144 619 1210 tempos
632 1140 807 1213 immineret,
823 1145 974 1215 pecunioso
1031 1147 1168 1207 rctlouem
1184 1164 1312 1223 poneret,
1336 1164 1364 1214 et
1382 1171 1559 1232 nequeuntes
1573 1167 1743 1238 semetipsos
1755 1168 1852 1242 ulique

146 1220 309 1295 impetitori
338 1227 489 1283 sonuerim
527 1229 761 1303 archiepiscopus
789 1233 973 1304 persolveret.
1029 1236 1138 1295 rstioue
1161 1241 1314 1301 deleudere
1338 1246 1481 1307 inlinitum
1496 1254 1849 1322 psouniemrbeisestor·

144 1311 241 1385 'l'uuoj
262 1313 415 1386 imperator
450 1317 680 1377 animadvertens
713 1322 971 1393 compostellsnarn
1028 1343 1113 1399 quere
1141 1331 1236 1400 uellet,
1265 1333 1343 1393 illioo
1365 1337 1596 1414 archiepiscopus
1609 1345 1735 1416 advenit,
1750 1355 1778 1404 et
1792 1349 1849 1406 im·

144 1402 312 1475 Ecclesiam,
340 1414 484 1478 sceptrum
513 1417 541 1466 et
568 1418 653 1483 osput
680 1411 725 1468 sul
748 1412 874 1486 imperii,
892 1421 971 1472 tento
1027 1428 1183 1487 peratorem
1199 1423 1377 1494 supplicibus
1391 1426 1463 1485 votis
1477 1431 1585 1503 rogauit
1605 1441 1634 1491 ut
1649 1435 1691 1492 eis
1714 1435 1849 1510 indulge·

144 1493 269 1563 pondero
283 1494 400 1552 nefarie
414 1499 628 1556 consuetudinis
642 1500 828 1572 oppressisse,
845 1508 873 1559 et
883 1520 970 1575 quem
1025 1515 1076 1574 ret,
1093 1510 1209 1568 stilliue
1224 1514 1361 1572 usturulis
1374 1518 1525 1591 precepti:
1542 1543 1557 1572 n
1569 1523 1648 1590 Quod
1664 1524 1716 1582 tibi
1733 1541 1791 1583 non
1807 1527 1849 1584 vis

141 1583 287 1655 decorare,
318 1586 442 1642 eraltsre
470 1588 701 1661 reverentiusque
743 1590 818 1649 iuter
853 1600 969 1651 ceteros
1024 1595 1096 1663 fleri,
1106 1597 1188 1656 alteri
1203 1616 1240 1658 ue
1255 1600 1366 1669 leceris,
1383 1625 1397 1657 s
1413 1622 1525 1665 memor
1538 1614 1624 1677 esset,
1639 1618 1667 1668 et
1682 1613 1848 1672 homiuibus

141 1672 284 1730 Ecclesiae
323 1673 463 1747 llisprnie
500 1678 655 1736 debuerunt
692 1687 822 1747 treotsre,
860 1683 967 1741 mirum
1022 1686 1139 1743 silvanis
1152 1696 1179 1745 et
1195 1695 1348 1759 montonis,
1364 1701 1392 1750 et
1407 1695 1486 1752 uuile
1501 1698 1612 1757 rstioue
1626 1700 1806 1774 degentibus,
1818 1711 1846 1761 et

140 1758 171 1817 iu
188 1762 303 1820 modum
318 1765 541 1836 conculcavisse,
557 1775 582 1824 et
594 1768 625 1825 iu
644 1769 794 1840 presentie
815 1772 963 1842 comitum,
978 1798 1003 1865 B
1021 1775 1100 1832 omni
1113 1792 1200 1834 seusu
1221 1779 1336 1850 privetis
1364 1784 1587 1844 misericordiam
1612 1796 1640 1847 et
1659 1789 1843 1849 clementiam

139 1858 324 1922 potentumve
356 1855 518 1929 principum
547 1857 660 1928 imperii
687 1858 743 1930 sui,
782 1859 963 1918 audientibus
1017 1864 1843 1948 adhiberetouiddirumpersiuquloqusutrvireuuetus

140 1945 251 2003 conctis
267 1944 351 2018 hujus
383 1945 517 2005 Ecclesia.
541 1948 699 2019 cononicis,
719 1949 816 2006 divino
831 1951 921 2021 grstia
935 1958 962 2008 et
1018 1952 1098 2010 Pater
1113 1958 1290 2015 venerandus
1305 1958 1393 2030 pollet
1408 1961 1604 2021 misericordie
1620 1968 1839 2027 lllliossemct·

139 2037 169 2094 B.
185 2035 307 2107 spostoli
335 2037 490 2095 reverentis
518 2045 690 2107 commotos,
706 2047 733 2097 et
746 2039 899 2098 dilectione
913 2056 960 2095 or·
1016 2043 1109 2113 ipsum
1125 2060 1175 2115 per
1183 2047 1281 2103 omniu
1294 2048 1445 2107 exhibebat
1456 2051 1695 2128 discipulum,qui
1706 2057 1737 2114 iu
1753 2073 1837 2116 cruce

137 2126 313 2201 chiepiscopi
327 2136 526 2200 compunctus,
544 2131 674 2202 promisit
687 2132 824 2206 deinceps
838 2149 959 2191 oousoe·
1016 2149 1066 2202 pro
1080 2133 1266 2193 carnificibus
1281 2137 1325 2194 bis
1340 2138 1433 2197 verbis
1443 2141 1579 2200 exorabat
1590 2144 1698 2203 Deum:
1713 2168 1724 2198 ι
1739 2146 1831 2214 Potor,

138 2226 194 2275 {qm
210 2220 365 2290 pecuniam
389 2218 426 2275 ab
454 2218 580 2277 Ecclesia
601 2237 659 2279 non
674 2228 851 2292 extorquere,
867 2238 959 2295 noque
1014 2218 1215 2290 ignoscendis,
1232 2223 1298 2294 qula
1321 2225 1528 2300 newlunlqtlld
1543 2230 1739 2304 ledldnlssatlc.
1754 2249 1835 2299 mil,

134 2322 233 2365 semen
249 2306 311 2375 eius
323 2308 431 2380 aliquid
459 2309 495 2365 ub
514 2326 547 2366 en
564 2309 688 2381 erigere.
703 2310 957 2370 Promisslouesu·
1013 2307 1068 2375 ³4t·
1086 2332 1102 2361 »
1118 2311 1200 2369 Tunc
1226 2314 1376 2383 predictos
1398 2316 1552 2388 imperator
1582 2320 1786 2381 intercessione
1807 2330 1836 2381 et

133 2401 194 2454 tom
221 2395 296 2455 lectu
322 2397 465 2469 capellum
493 2398 643 2470 cuiusdam
671 2400 786 2456 comitis
813 2399 958 2472 occipiens
1012 2399 1115 2466 petrini
1130 2400 1172 2457 soi
1189 2417 1321 2461 servnoue
1334 2405 1369 2460 ad
1385 2406 1609 2466 misericordium
1623 2412 1836 2478 flexos,ciuibus

131 2500 276 2557 muuuque
291 2487 397 2559 petrini
425 2487 469 2542 sui
492 2487 665 2554 deosculato,
679 2489 772 2560 cupite
787 2493 870 2557 dero,
886 2489 955 2546 illud
1012 2486 1117 2544 invitus
1132 2490 1256 2562 pepercit
1273 2511 1280 2561 ;
1297 2498 1325 2548 et
1339 2508 1410 2564 quos
1426 2497 1588 2556 mendicare
1603 2499 1835 2572 disposuereteb

130 2573 161 2630 lu
176 2574 402 2632 oooiirmstionis
425 2575 540 2646 signum
565 2576 781 2649 archiepiscopo
810 2577 957 2637 humiliter
1010 2578 1089 2633 omui
1105 2580 1225 2649 pecunia
1244 2580 1366 2639 inlectos
1380 2583 1560 2656 reliquitffls
1573 2588 1708 2645 omnibus
1729 2590 1769 2648 ltu
1782 2590 1834 2649 dc-

128 2663 425 2734 prebuit,etterrsm
454 2665 666 2734 bononorum,
694 2680 781 2738 quem
802 2670 834 2722 B.
848 2667 955 2725 lucobo
1009 2666 1110 2737 cursis,
1133 2675 1162 2726 et
1177 2669 1305 2727 hostibus
1326 2672 1535 2746 archiepiscopi
1560 2678 1833 2750 contritisepirnte

127 2751 293 2821 abstulerat,
308 2769 338 2810 se
363 2753 541 2811 redditurum
564 2756 593 2811 in
609 2756 738 2826 proximo
754 2756 869 2827 penitus
882 2772 954 2814 cou—
1010 2759 1088 2827 pedis
1100 2762 1231 2831 usquead
1243 2762 1376 2820 verticem
1387 2764 1657 2837 capitis,imperrtor
1673 2767 1831 2826 indissolu-

127 2841 226 2912 constr,
242 2850 271 2899 ot
286 2843 360 2914 quod
390 2841 482 2900 uerbis
508 2843 647 2915 promisit,
662 2845 846 2903 exsecutione
860 2846 954 2916 operis
1010 2844 1058 2902 luti
1074 2848 1188 2906 vinculo
1202 2849 1362 2909 dilectionis
1377 2867 1443 2909 cusu
1458 2853 1674 2926 ercbiepisoopo
1689 2856 1829 2926 unitus,et

127 2931 227 2989 devote
243 2933 349 3005 peregit
364 2949 372 3002 ;
388 2940 415 2990 et
442 2941 472 2989 ut
497 2932 550 2990 sibi
565 2932 662 2990 divine
677 2933 830 2992 elementis
845 2937 881 2994 de
895 2945 951 2993 tam
1009 2950 1098 2993 unum
1114 2952 1162 2994 oor
1176 2947 1204 2996 et
1218 2955 1275 2996 one
1297 2940 1395 2998 noima
1417 2957 1483 2999 oum
1499 2957 1532 2999 oo
1546 2943 1711 3015 perenuiter
1725 2945 1828 3015 luctus,

126 3021 251 3078 ueisuda
273 3022 484 3080 consuetudine
510 3021 681 3093 indulgeret,
696 3026 835 3082 ducentos
850 3041 951 3084 soreos
1006 3025 1194 3097 Compostella
1210 3027 1330 3086 feliciter
1343 3031 1470 3089 recessit.

126 3111 280 3184 spopondit
295 3126 325 3168 ve
339 3112 473 3168 dotorum
491 3126 539 3181 per
553 3111 683 3183 singulos
696 3129 799 3181 sonos,
826 3123 857 3172 ut
870 3115 949 3173 cleu·
1041 3116 1150 3182 Quibus
1166 3119 1313 3174 trorssuotis
1325 3122 1476 3188 imperetur
1489 3137 1507 3176 n
1521 3121 1750 3193 compostellana
1761 3124 1830 3182 urbe

125 3200 375 3259 strumbeccam
391 3200 481 3259 lieret.
492 3201 562 3271 qlloo
584 3201 694 3270 eudito,
718 3179 985 3276 urcbiepiscopusc
1005 3205 1131 3271 recessit,
1143 3213 1171 3262 et
1196 3208 1346 3263 discedens
1360 3224 1455 3265 coram
1472 3210 1626 3268 comitibus
1639 3220 1667 3268 et
1683 3213 1826 3284 Hispaniae

126 3292 217 3349 ileum
231 3292 353 3350 interius
381 3292 527 3349 exsultuue
550 3294 752 3366 magnificavit,
769 3301 796 3352 et
808 3295 948 3352 ineffabili
1005 3292 1191 3364 principibus,
1207 3303 1234 3352 et
1250 3296 1279 3351 B.
1295 3297 1392 3353 iacobi
1408 3298 1555 3355 mnooicis
1570 3301 1829 3360 courtisessisten·

123 3380 226 3452 goodlo
253 3382 379 3454 geodere
401 3382 497 3454 erepit,
526 3389 586 3438 tum
614 3383 680 3455 quio
703 3383 779 3441 Deus
799 3399 848 3456 per
862 3399 946 3440 suurn
1004 3381 1092 3451 tibus,
1108 3398 1220 3439 necnon
1235 3384 1363 3455 ejusdem
1379 3386 1511 3443 Ecclesie
1522 3389 1757 3459 cardinalibusnt
1771 3408 1826 3448 oe·

123 3484 220 3527 sonem
248 3478 275 3527 et
301 3471 463 3527 animarum
505 3479 663 3541 postorem·
685 3473 946 3546 compostelluuem
1004 3472 1080 3540 teris,
1096 3471 1131 3527 do
1159 3471 1261 3542 quibos
1288 3473 1405 3543 longum
1420 3480 1463 3531 est
1476 3491 1628 3535 numerere
1642 3479 1679 3534 de
1692 3480 1825 3549 singulis,

121 3558 279 3616 iicolosism
295 3560 326 3617 ln
340 3561 440 3618 eodem
454 3560 501 3619 dle
517 3562 640 3621 maxime
654 3561 867 3631 sublimaverat,
883 3568 944 3620 lum
1001 3557 1319 3617 reverendissimoPslri
1332 3560 1437 3618 [ildico
1447 3561 1678 3633 compostellano
1689 3567 1825 3626 Ecclesite
1843 3634 1845 3637 ⁸

122 3648 188 3720 quie
201 3648 356 3721 imperetur
383 3650 420 3707 de
448 3658 526 3708 tuoto
540 3651 647 3710 scelere
663 3654 719 3710 ileo
731 3652 884 3727 instigante
901 3670 944 3710 re·
999 3648 1212 3720 archiepiscopo
1227 3649 1391 3706 firmissime
1403 3649 1534 3721 promisit
1553 3660 1640 3725 atque
1666 3657 1824 3725 concessit,

120 3745 254 3796 comeret.
999 3737 1073 3795 sicot
1088 3737 1319 3808 predictsseries
1341 3737 1505 3795 dictaminis
1520 3741 1673 3809 resonavit,
1690 3742 1822 3801 videlicet

431 3829 546 3887 CAPUT
562 3831 631 3887 itii.
999 3828 1072 3896 quod
1088 3826 1119 3884 iu
1135 3827 1220 3883 totius
1234 3826 1298 3884 vite
1311 3843 1370 3884 sue
1384 3828 1475 3899 spatio
1499 3829 1594 3901 ulique
1621 3830 1786 3888 adulatione
1804 3850 1822 3889 r

310 3923 349 3976 De
362 3919 525 3991 expulsione
540 3919 758 3992 mansuetorum.
999 3918 1103 3990 petrini
1125 3919 1169 3975 sui
1184 3918 1339 3978 dilectione
1353 3935 1502 3993 uunquam
1531 3929 1737 3991 removeretur,
1766 3939 1819 3980 uoo

155 4006 206 4065 His
219 4008 257 4065 ita
273 4008 427 4066 traderetis
442 4008 596 4079 imperator
611 4009 799 4065 reminiscens
808 4010 879 4066 tenti
894 4027 940 4066 ss·
997 4008 1133 4079 quonium
1145 4006 1325 4066 inimicorum
1337 4009 1462 4080 piisslmt
1473 4010 1735 4082 Petrissuggereuto
1745 4028 1820 4084 pre-

118 4098 229 4170 orilogii
255 4096 438 4155 exsecrabilis
460 4098 536 4154 dioto
550 4105 577 4154 et
590 4097 690 4154 auditu
711 4097 855 4155 horribilis
869 4115 940 4157 con·
997 4098 1105 4153 dictum
1122 4104 1237 4170 protum
1248 4098 1399 4171 irrugerol.
1410 4099 1462 4155 Sed
1479 4099 1541 4155 iere
1557 4098 1674 4157 biennio
1689 4100 1820 4158 nondum

119 4194 162 4244 trs
175 4186 422 4258 archiepiscopum
437 4186 583 4244 commissi
598 4187 628 4243 in
642 4187 732 4255 altore
743 4187 940 4257 gloriosissimi
997 4191 1121 4257 perroto,
1148 4192 1296 4259 postquam
1311 4187 1341 4244 ln
1359 4194 1451 4257 portes
1464 4188 1673 4259 Grmpsoorum
1690 4191 1822 4262 perveuit

118 4283 146 4333 et
161 4274 392 4333 reverendissimi
407 4276 537 4347 apostoli,
553 4276 590 4333 de
608 4276 939 4335 cornilicibusoltionem
995 4275 1069 4347 (tert
1087 4275 1184 4332 omnir
1200 4276 1349 4345 promisse,
1364 4274 1504 4347 verbaque
1517 4274 1660 4333 dulcifluo
1678 4277 1818 4335 obliuioni

117 4366 269 4437 exercuit3
292 4366 431 4438 quosdam
460 4367 538 4421 euim
567 4365 693 4435 acceptis
712 4365 856 4433 domibus,
872 4384 938 4426 uso·
995 4374 1021 4419 ot
1035 4364 1127 4420 nentis
1142 4363 1280 4420 tradidit:
1305 4364 1441 4433 quonium
1466 4363 1601 4436 prolenos
1614 4365 1775 4434 orruillces,
1792 4373 1820 4423 et

117 4470 177 4512 nou
207 4454 428 4525 hereditatibus,
453 4469 519 4510 oum
548 4454 658 4511 semine
683 4457 939 4528 eorumireooogit
996 4453 1107 4510 turbam
1122 4453 1285 4522 iniquorum
1301 4452 1467 4510 Antichristi
1483 4452 1735 4520 membrorum,ad
1747 4469 1819 4513 con·

115 4544 147 4601 iu
162 4544 292 4603 exsilium
305 4553 351 4615 ,et
364 4544 501 4618 quosdam
511 4543 631 4613 turpiter
645 4544 942 4616 captospossessioni-
956 4535 980 4602 ll
997 4543 1093 4598 silium
1107 4549 1135 4599 et
1148 4542 1279 4598 osculum
1291 4541 1407 4612 recepit,
1426 4557 1497 4613 quos
1525 4541 1659 4599 Romane
1685 4543 1818 4602 Ecclesia

115 4635 169 4693 bus
180 4642 208 4693 et
222 4634 356 4693 omnibus
370 4633 453 4692 bouis
466 4631 635 4703 exspoliatos
649 4631 776 4704 reliquit,
786 4632 858 4690 elios
870 4650 936 4692 uero
991 4631 1102 4698 legatus
1124 4630 1155 4686 iu
1179 4630 1289 4700 synodo
1303 4630 1499 4699 domusverot,
1516 4637 1544 4687 et
1557 4630 1653 4688 omuis
1665 4641 1756 4690 cretus
1770 4648 1819 4689 ur·

115 4726 196 4795 copis
209 4725 271 4782 auri
286 4725 452 4798 cruentique
466 4722 617 4779 affluentes
633 4721 757 4779 ostiatim
773 4723 936 4781 mendicare
990 4718 1238 4791 chlepiscoporum
1252 4725 1280 4774 et
1289 4725 1454 4776 sauctorum
1469 4717 1682 4794 episcoporum,
1699 4721 1817 4792 puriter·

114 4813 244 4885 permisit
264 4830 272 4882 ;
289 4819 316 4870 et
330 4813 469 4870 disiisset
481 4811 825 4883 locupletes,proporeset
836 4815 934 4884 inopes
990 4825 1044 4880 quo
1057 4807 1204 4875 obortum,
1216 4811 1246 4866 et
1258 4806 1484 4866 etiamomulom
1495 4806 1718 4867 orthodoxorum
1733 4824 1818 4881 repu-

115 4901 193 4966 iecit,
221 4908 248 4957 et
275 4902 394 4959 dirersis
426 4900 678 4973 penuriiselilirit.
694 4903 747 4969 Qui
763 4902 933 4973 verolussem
988 4898 1124 4966 dieverst,
1139 4904 1166 4955 et
1194 4897 1309 4955 vinculo
1336 4898 1527 4957 anathematis
1553 4898 1677 4966 ierierut,
1700 4897 1818 4955 etldem

113 4989 386 5046 interamnensibus
401 4990 514 5061 imperti
537 4992 580 5047 sot
597 4991 750 5047 baronibus
765 4991 889 5061 injunxit
904 5001 935 5050 ut
987 4994 1143 5061 imperator
1167 5000 1234 5042 cum
1254 4986 1392 5046 dedecore
1406 5004 1424 5045 s
1437 4987 1562 5046 oonsilio
1576 4987 1709 5059 ejecerit,
1725 4989 1754 5042 et
1769 4984 1817 5042 lu·

113 5080 162 5151 qui
178 5078 257 5149 prius
269 5077 306 5134 rb
320 5079 361 5136 eis
384 5078 582 5136 invenirentur
593 5079 673 5136 nullo
689 5081 778 5150 pretio
794 5083 934 5154 redempti
988 5091 1073 5147 super
1084 5075 1235 5145 predictus
1247 5075 1537 5150 legatos,seruudum
1546 5082 1816 5133 canonumseuteu·

112 5171 192 5225 omui
205 5183 308 5239 renero
323 5167 422 5223 mortis
435 5167 591 5224 uroerrimo
607 5169 786 5237 punirentur,
800 5170 842 5227 rel
858 5172 932 5243 copti
988 5166 1070 5233 tiam,
1098 5164 1224 5222 edixerst
1254 5168 1475 5238 etquicunque
1513 5179 1572 5221 non
1615 5163 1814 5221 tautummodo

112 5261 146 5314 vd
163 5273 229 5315 eom
246 5257 479 5329 perducerentur.
489 5258 558 5312 Post
573 5254 632 5311 hee
646 5255 800 5326 imperator
808 5273 931 5329 perpon·
986 5255 1129 5321 osculum,
1151 5255 1200 5312 sed
1216 5255 1301 5313 etism
1320 5254 1497 5313 consortium
1511 5259 1539 5309 et
1553 5252 1695 5309 uexillum
1710 5252 1816 5326 imper·

113 5347 185 5403 drus
194 5362 295 5404 omnes
304 5347 380 5405 cives
394 5364 409 5402 s
424 5344 511 5416 culpo
524 5342 665 5414 sacrilegii
680 5357 739 5399 non
753 5360 814 5402 osse
829 5345 932 5406 immu-
986 5345 1073 5401 tiront
1088 5344 1131 5401 voi
1145 5344 1268 5414 quilibet
1296 5344 1495 5415 episcoporum
1518 5341 1562 5400 vel
1577 5342 1815 5416 uroblpresulum
1848 5410 1850 5417 Α

113 5451 176 5500 uss,
192 5436 324 5507 quoniam
349 5433 630 5508 quidemcarnisroos
644 5431 755 5488 lacinus
769 5433 933 5497 detestabile
985 5434 1020 5489 sd
1036 5434 1234 5504 penitentiam
1256 5430 1407 5489 admittere
1422 5431 1816 5503 presumerent,senteutiam

112 5532 290 5600 peregerunt,
319 5523 415 5581 reteri
438 5531 531 5579 sutem
548 5520 692 5595 iniquitati
707 5529 735 5579 ot
753 5524 874 5581 oonsilio
887 5542 931 5581 su-
987 5521 1293 5580 excommonicationis
1311 5518 1495 5579 admittentes
1522 5524 1551 5580 et
1575 5522 1754 5581 consortium
1768 5519 1818 5579 he·

149 5615 226 5691 (187)
239 5615 269 5671 lo
284 5622 426 5671 autumno
440 5611 509 5670 snui
523 5612 604 5670 l138.
