3950 6034
168 243 225 303 ast
717 235 894 299 suelteri
914 233 1082 297 aestuis
1102 235 1325 299 Thirtsosls
1815 236 1876 299 932

168 375 223 440 aia,
239 373 316 446 quod
332 387 396 428 eam
412 367 557 426 Dominus
573 386 627 426 sua
641 367 785 442 corporali
796 384 853 425 non
867 366 995 425 illustra·
1008 372 1035 439 A
1050 369 1224 441 ejuatypum
1237 370 1422 443 precessisse
1432 368 1497 436 hoc,
1508 369 1584 441 quod
1596 367 1873 440 pauca,idestccto
1963 422 1968 437 ,

168 464 210 518 vit
226 460 391 535 praesentia.
1047 459 1153 514 anima
1168 459 1255 516 salve
1266 460 1347 516 lacta
1359 463 1429 516 sunt
1439 474 1603 532 peraquam
1615 460 1643 513 in
1655 458 1756 514 arcein
1766 458 1872 514 diebus

204 552 260 609 Sed
275 555 304 606 et
318 547 481 622 Philippus,
498 548 548 621 qui
562 564 653 620 supra
666 547 778 604 dictum
791 547 857 604 lidel
867 548 994 605 candore
1046 546 1116 602 Noe.
1133 546 1280 603 Christum
1296 564 1425 618 namque
1440 548 1634 620 prefiguravit
1647 547 1716 617 Noe,
1728 552 1788 602 tam
1804 555 1871 602 actu

167 642 284 699 vestivit
309 638 470 711 AEthiopen,
499 638 616 693 nomine
646 653 699 694 suo
723 642 845 694 cunctos
870 635 994 709 mystice
1047 652 1134 707 quam
1157 634 1871 708 nomine,eidelicetquiaNoeinterprsiaturrc·

168 734 267 805 signat
281 727 440 801 apostolos.
456 725 610 799 Philippus
633 726 711 782 enim
733 725 942 798 iuterpretatur
964 742 994 782 os
1047 729 1133 798 quies,
1150 728 1227 799 quod
1242 743 1350 784 nomen
1365 725 1407 782 illi
1423 734 1534 798 epatre
1554 726 1675 783 Lamech
1698 727 1869 796 impositum

165 819 312 892 lampadis.
332 820 452 888 Lampas
468 821 579 884 autem,
595 815 625 871 id
642 820 687 872 eat
702 816 762 882 lux,
778 815 877 871 mundi
893 813 993 871 Salva·
1047 822 1103 883 est,
1117 819 1253 875 dicente:
1270 841 1285 869 ι
1301 818 1357 875 lete
1373 816 1570 874 consolabitur
1581 834 1634 873 nos
1646 815 1721 887 (Gen.
1736 817 1775 888 v),
1788 839 1802 868 ι»
1814 816 1868 878 rel,

168 915 214 967 tor
230 914 285 974 est,
301 909 379 964 sicut
394 905 485 962 lsaius
501 904 572 961 dicit
592 905 628 961 de
652 903 723 960 illo:
740 926 753 955 ι
781 908 902 977 Propter
924 902 991 960 Sion
1048 907 1472 981 utinSeptuagintahabetur:
1490 931 1500 957 ι
1515 907 1707 981 Requiescere
1720 923 1773 962 nos
1784 906 1871 962 laciet

165 1016 223 1057 non
240 997 342 1055 tacebo
354 999 383 1052 et
394 994 685 1068 propterlerusalem
699 1011 755 1049 non
768 993 931 1066 quiescam,
943 994 995 1048 do·
1047 995 1417 1068 aboperihusetlaboribus
1426 1001 1743 1053 manuumuostrarum
1752 997 1779 1051 in
1792 1001 1871 1052 terre

167 1104 220 1144 nec
235 1085 411 1159 egrediatur,
428 1087 460 1139 ut
474 1081 727 1156 splendchuatua
739 1098 813 1152 eius,
825 1080 995 1137 ethalvator
1046 1086 1093 1142 cui
1110 1086 1260 1143 maledixit
1275 1085 1363 1143 Deus.
1376 1108 1390 1135 o
1410 1086 1545 1143 Christus
1568 1086 1675 1142 etenim
1701 1089 1798 1140 nostra
1824 1101 1869 1140 ra·

167 1177 232 1248 ejus
250 1178 281 1231 ut
296 1173 409 1245 lampas
424 1171 601 1229 accendatur
620 1171 688 1239 (loo.
713 1178 791 1241 arrii.
807 1194 821 1221 »r
849 1170 941 1241 Cujus
962 1187 995 1226 os
1046 1175 1131 1249 quies
1145 1181 1201 1244 est,
1217 1177 1295 1231 sicut
1311 1175 1375 1248 ipse
1390 1174 1482 1231 dixit:
1505 1197 1520 1226 «
1544 1174 1653 1231 Discite
1676 1191 1694 1230 e
1717 1189 1774 1243 ma,
1799 1175 1872 1247 quia

167 1265 292 1339 apostoli
307 1263 349 1319 vel
366 1262 474 1336 quique
495 1261 701 1334 predicatores
729 1260 821 1317 seneli
847 1264 924 1316 rests
948 1259 994 1314 di·
1048 1265 1130 1322 mitis
1145 1282 1209 1321 sum
1226 1268 1256 1321 et
1269 1263 1391 1321 humilis
1405 1264 1511 1333 corde,
1528 1269 1557 1320 et
1573 1264 1726 1321 invenietis
1738 1264 1870 1335 requiem

165 1358 283 1421 cuntur,
299 1353 483 1424 quieveram
500 1367 518 1406 a
541 1350 616 1406 laiso
640 1355 790 1421 separant,
819 1350 897 1405 elcut
924 1346 995 1404 alibi
1047 1356 1203 1411 animabus
1217 1353 1320 1411 vestris
1334 1355 1441 1426 (Metili.
1458 1361 1508 1424 mi.
1525 1376 1539 1404 a
1555 1355 1627 1411 (ium
1644 1368 1711 1426 ergo
1735 1353 1793 1409 Noe
1817 1371 1871 1423 gu·

166 1445 294 1503 dicitur:
313 1467 326 1493 ι
343 1442 371 1497 si
388 1441 569 1513 separaveris
582 1440 742 1512 pretiosum
753 1458 768 1495 a
780 1439 840 1509 vili,
850 1455 883 1495 os
895 1454 994 1495 meum
1046 1445 1179 1503 barnavii
1194 1461 1292 1503 arcam
1308 1461 1395 1517 super
1410 1445 1506 1501 undas
1521 1444 1634 1509 diluvii,
1650 1445 1794 1516 quibugssi
1806 1460 1873 1516 pec.

164 1534 223 1592 eris
237 1535 305 1605 (ier.
321 1531 378 1603 xv).
395 1552 409 1582 a
428 1528 579 1603 Philippus
595 1546 662 1599 ertio
678 1534 809 1595 cunctos.
826 1534 859 1584 ul
882 1528 993 1584 dicium
1047 1540 1158 1592 catores
1173 1534 1259 1591 deleti
1275 1539 1355 1601 aunt,
1372 1539 1401 1591 et
1421 1533 1450 1590 hi
1466 1533 1516 1606 qui
1532 1550 1598 1590 oum
1614 1533 1665 1590 illo
1680 1542 1774 1598 crant,
1798 1533 1872 1589 salvi

163 1628 221 1689 est,
238 1639 291 1678 auo
308 1621 426 1677 nomine
441 1619 537 1691 signat
552 1618 710 1690 apostolos,
726 1617 776 1692 qui
798 1633 889 1690 usque
909 1615 995 1674 hodie
1047 1625 1116 1681 lacti
1133 1622 1738 1696 suntpertidem,quiacredentssjustitie
1749 1622 1872 1679 Deiaese

164 1711 283 1785 scripiifl
299 1710 360 1767 suis
375 1707 567 1781 AEiiliopims
587 1707 745 1764 candidare
769 1724 827 1763 noll
852 1705 1031 1808 desinuuiB
1047 1714 1083 1770 ab
1098 1712 1259 1770 incredulis
1285 1713 1467 1770 diviserunt:
1489 1712 1637 1770 Christum
1661 1716 1725 1770 agiu
1751 1728 1872 1784 quoque

165 1802 299 1858 tuimet:
315 1801 437 1872 insuper
452 1806 479 1853 ⁰¹
499 1798 681 1868 redarguunt
703 1800 884 1870 synagogam
911 1812 992 1851 mut·
1046 1803 1254 1877 praefiguravit,
1270 1807 1302 1858 ut
1317 1803 1427 1859 dictum
1443 1806 1497 1870 est,
1514 1801 1564 1873 qui
1580 1818 1658 1858 nuno
1668 1802 1811 1874 gubernat
1820 1801 1874 1857 Eo·

164 1897 327 1948 mutantem
338 1893 440 1946 sonita
451 1886 745 1958 Dominum,propter
755 1883 888 1958 genuum
899 1882 995 1939 300¹&
1046 1894 1164 1950 clasiam
1180 1909 1268 1965 super
1283 1893 1377 1949 undas
1392 1891 1531 1965 baptismi
1546 1891 1666 1964 quibua,
1680 1895 1729 1964 qui
1741 1908 1868 1948 nancra-

163 1980 249 2051 flitffl»
273 1978 349 2036 ⁵5⁰1st
374 1977 522 2050 ‘ltfflfldflffl
552 1975 643 2031 Maria
668 1973 864 2031 murmuretii
888 1978 993 2030 tillim
1046 1983 1121 2040 dunt
1136 1983 1389 2039 condemnantur:
1406 1983 1457 2055 qui
1472 1980 1873 2054 verocreduutetbaptiaun·

162 2063 990 2142 M⁰l⁸⁰¹¹d³l⁰lii⁰f¹¹¹⁰s0m0i⁰⁸AEihi⁰ii⁸³flfflfflttm·¹¹¹i·
1046 2082 1102 2143 tur,
1118 2089 1186 2130 eum
1201 2072 1266 2144 ipso
1281 2071 1433 2129 salventur
1448 2071 1543 2144 (llere
1559 2071 1616 2143 aar)
1635 2086 1642 2126 :
1658 2073 1688 2126 et
1705 2069 1764 2125 illis
1787 2069 1873 2126 affert

467 2166 586 2222 CAPUT
608 2164 687 2221 xut.
1044 2160 1172 2231 Spiritus
1185 2164 1305 2215 sauctus
1321 2174 1433 2232 pacem,
1448 2158 1476 2214 id
1493 2163 1539 2215 est
1557 2162 1740 2231 peecatorum
1762 2157 1871 2213 remis·

198 2264 237 2314 De
253 2259 344 2331 officio
356 2260 440 2313 scete
459 2257 559 2325 teria:
576 2277 587 2303 ι
605 2253 691 2309 Beati
710 2252 812 2309 mundo
833 2252 922 2310 corde
941 2274 954 2301 a
1044 2246 1870 2321 aionem,euJ‘ustiguramtuncgcssitcolumbaicrenaad

198 2355 334 2412 Oilloium
351 2358 438 2410 sexta
453 2353 529 2409 ferie
546 2357 679 2424 patenter
694 2352 853 2423 respondet
865 2351 991 2408 beatitu·
1045 2362 1142 2404 arcam
1159 2346 1187 2403 iu
1204 2363 1253 2402 ore
1268 2362 1322 2403 suo
1336 2346 1458 2403 virentis
1477 2345 1559 2403 oliva
1583 2362 1699 2403 ramum
1725 2344 1803 2407 (Gen.
1819 2348 1871 2416 ιιι).

163 2445 265 2502 diuum
278 2447 363 2501 sexte
379 2441 548 2499 sententie:
564 2462 578 2491 »
595 2440 673 2498 Beati
686 2440 797 2497 mundo
807 2440 906 2508 corde,
918 2456 990 2512 quo·
1045 2438 1110 2507 lpas
1125 2439 1222 2491 autem
1238 2435 1406 2492 octonarius
1419 2452 1558 2491 uumerus
1571 2435 1752 2505 animarum,
1763 2452 1827 2507 que
1840 2435 1871 2490 in

164 2534 243 2590 niam
257 2532 314 2606 ipsi
329 2532 420 2589 Deum
446 2531 586 2587 videbunt
610 2530 714 2601 (hauh.
726 2531 764 2600 v).
784 2554 795 2578 ι
823 2529 888 2602 Agit
911 2531 991 2586 anim
1044 2541 1112 2581 erce
1127 2524 1213 2580 salva
1229 2524 1310 2580 tacte
1326 2527 1406 2593 sunt,
1423 2524 1522 2597 quiea
1538 2525 1631 2598 primo
1653 2524 1730 2580 104
1750 2524 1823 2596 pari,
1841 2523 1873 2579 id

162 2623 198 2678 de
215 2621 352 2678 felicitate
369 2619 642 2690 transmigrantium
658 2617 772 2675 scilieet
787 2618 923 2675 omnium
939 2621 990 2691 qui
1044 2619 1089 2671 est
1104 2613 1227 2682 binario,
1245 2614 1435 2686 proficiscens
1449 2613 1576 2671 solidum
1588 2621 1794 2687 denumerem,
1811 2612 1873 2669 soi·

162 2712 198 2768 de
212 2715 356 2768 vetustate
371 2708 468 2765 carnis
484 2708 521 2765 ad
535 2707 691 2764 novitatem
706 2707 834 2779 Spiritus
849 2708 989 2764 transmi-
1045 2704 1111 2760 iicet
1122 2703 1232 2760 habena
1242 2702 1662 2778 longitudinem,latitudinem
1673 2708 1761 2775 atque
1773 2701 1875 2758 altitu·

164 2807 282 2876 grantes
298 2801 385 2872 (Rom.
402 2798 465 2872 ιιι),
482 2799 623 2854 mundato
639 2797 734 2854 cordia
747 2797 831 2854 oculo
848 2813 900 2870 per
922 2797 988 2854 lou·
1043 2791 1152 2848 dinem.
1169 2794 1243 2847 Nam
1259 2789 1305 2848 bis
1320 2792 1389 2848 bine
1413 2790 1469 2859 bia,
1489 2797 1552 2849 octo
1578 2797 1660 2860 suut,
1688 2793 1764 2864 quod
1789 2793 1871 2864 apud

165 2910 236 2966 gum
250 2890 427 2949 desiderium
437 2887 561 2962 gloriam
575 2904 698 2943 summe
709 2886 989 2943 Trinitatiataudem
1043 2884 1209 2953 geometras
1231 2885 1259 2936 et
1282 2880 1484 2937 arithmeticos
1506 2896 1623 2953 quoque
1648 2881 1788 2937 usitatum
1812 2886 1872 2936 est.

164 2981 256 3037 visuri
271 2984 351 3037 suut.
369 2980 474 3036 Eorum
488 2992 618 3048 namque
630 2975 658 3031 in
672 2983 772 3048 typum
787 2980 885 3047 patres
897 2974 989 3031 nostri
1043 2969 1118 3044 lpse,
1133 2969 1265 3043 inquam,
1277 2971 1446 3026 octonarius
1458 2987 1601 3027 numerus
1612 2970 1789 3038 animarum,
1803 2985 1871 3041 per·

165 3068 287 3143 apostoli
304 3066 425 3135 evocati,
441 3065 579 3122 abierunt
591 3064 621 3120 in
637 3064 797 3131 Galilearn,
810 3064 839 3120 in
856 3070 985 3120 montem
1007 3108 1029 3175 C
1043 3058 1193 3116 lectionem
1203 3059 1339 3130 designat
1347 3059 1476 3132 corporis
1484 3059 1713 3132 licclesiequud
1724 3063 1874 3131 preeunte

165 3159 214 3214 ubi
230 3157 385 3215 constituit
398 3155 457 3211 illia
473 3154 572 3220 iesus,
597 3153 674 3209 siout
698 3152 873 3209 hodiernum
900 3155 987 3209 rstert
1044 3148 1155 3203 mundo
1167 3148 1332 3204 infidelium
1342 3149 1634 3221 peraquejudicium
1646 3164 1704 3221 quo
1716 3146 1873 3203 nunciide-

164 3247 366 3320 Evangelium,
389 3253 417 3302 ct
444 3244 567 3300 videntes
588 3259 652 3299 cam
676 3242 859 3300 adorauerunt
881 3243 987 3315 (accit.
1044 3236 1086 3293 les
1102 3237 1138 3293 ab
1154 3235 1323 3293 infidelibus
1337 3242 1525 3308 separantur,
1543 3236 1601 3292 tide
1617 3254 1672 3293 aua
1683 3253 1714 3293 se
1728 3235 1829 3307 salvat,
1842 3244 1874 3291 et

161 3338 272 3410 xxviii),
287 3336 434 3409 simulque
449 3334 620 3391 mandatum
643 3341 837 3403 acceperunt:
863 3332 989 3405 qualiter
1042 3327 1073 3381 in
1101 3324 1180 3396 ligno
1205 3324 1300 3380 crucis
1324 3333 1503 3397 supernatat.
1527 3324 1701 3397 sepulchre
1725 3340 1792 3381 arca
1820 3323 1875 3381 iila

162 3428 261 3485 omnic
275 3443 344 3482 vasa
358 3441 424 3498 quae
440 3423 506 3480 torti
533 3426 646 3479 armato
672 3420 774 3477 tortior
799 3421 862 3494 ipss
884 3438 987 3494 super·
1044 3416 1199 3472 fenestram
1216 3413 1316 3470 babuit
1328 3413 1468 3481 inlaters,
1486 3430 1538 3485 per
1557 3431 1645 3486 quem
1670 3412 1802 3470 salvandi
1825 3412 1873 3469 illi

162 3517 281 3572 veniens
297 3512 457 3571 abstulerat
476 3513 553 3585 (luc.
578 3511 628 3582 xri,
647 3509 848 3581 emendarent,
873 3510 988 3566 dicente
1043 3501 1278 3576 ingrederentur,
1290 3500 1501 3571 quiaChriatus
1512 3500 1614 3558 lancea
1625 3499 1728 3556 militis
1739 3499 1872 3557 inlatere

161 3606 305 3662 Domino:
326 3605 425 3659 Euclea
448 3601 542 3657 docete
567 3614 662 3654 omnes
684 3603 789 3668 pentes,
815 3599 988 3671 baptizantes
1042 3596 1089 3646 est
1111 3589 1292 3657 vulneratus,
1318 3605 1370 3661 per
1391 3591 1476 3660 cujus
1499 3588 1627 3645 vulneris
1653 3596 1872 3646 sacramentum

162 3710 206 3751 eos
220 3696 249 3749 ia
265 3695 378 3750 nominc
389 3691 482 3746 Patris
496 3695 524 3745 et
537 3687 607 3745 Filii
615 3688 870 3760 eispiritcsaoncti
880 3688 984 3758 (totth.
1042 3678 1140 3735 suncti
1155 3679 1307 3735 erodentes
1323 3677 1481 3734 Ecclesiam
1502 3678 1716 3750 ingrediuntur.
1742 3681 1775 3735 Et
1797 3694 1873 3748 quo·

161 3788 270 3853 num),
287 3782 362 3838 illud
379 3797 463 3838 namo
480 3779 529 3853 qui
546 3779 669 3843 dubitat,
685 3778 762 3849 quod
778 3794 845 3833 cum
862 3776 984 3835 dixerit:
1043 3770 1120 3824 niam
1136 3766 1263 3824 Ecclesia
1279 3766 1314 3823 de
1330 3767 1499 3824 hominibus
1514 3772 1638 3835 constat,
1656 3766 1777 3839 pulchre
1800 3783 1873 3823 arca

164 3873 261 3930 «Beati
273 3871 382 3929 mundo
393 3867 802 3940 corde,qu0niamipail)eum
813 3866 985 3934 videbunt»
1042 3856 1101 3924 illa,
1118 3873 1184 3930 quai
1199 3855 1356 3912 Ecclesiam
1383 3857 1538 3930 figurabat,
1562 3859 1720 3928 quamdam
1746 3856 1870 3911 humani

161 3980 212 4037 per
227 3960 402 4018 munditiam
418 3958 515 4015 cordis
531 3955 657 4012 obtineri
671 3954 863 4025 intellectum,
877 3971 911 4011 ac
936 3971 987 4025 psi·
1041 3944 1172 4016 corporis
1186 3943 1409 4002 similitudinem
1421 3947 1451 4001 in
1463 3946 1528 4018 ipsa
1540 3946 1630 4002 lorini
1642 3962 1696 4002 sua
1707 3945 1874 4016 pretende-

160 4052 216 4107 hoo
231 4048 431 4122 supradictam
447 4044 604 4116 Augustini
616 4043 646 4099 io
658 4043 711 4099 hcc
722 4058 840 4114 quoque
851 4048 987 4100 constare
1041 4036 1100 4092 bat·
1116 4034 1265 4106 Siquidem
1282 4034 1445 4090 humetum
1461 4051 1568 4107 settim
1578 4034 1620 4091 ⁸50
1632 4042 1685 4102 ³⁸¹2
1697 4037 1729 4089 „i
1742 4032 1871 4106 Ιθῦεἱῑῦ·

161 4137 348 4205 sententiam,
364 4138 474 4190 sextam
491 4131 685 4188 beatitudiuis
700 4130 888 4199 seutentiam,
904 4138 985 4188 sexto
1041 4132 1120 4187 dinis
1135 4148 1196 4188 suae
1206 4138 1318 4189 sextam
1329 4136 1442 4205 partem
1453 4131 1561 4188 haheat
1572 4132 1600 4188 in
1614 4130 1781 4198 latitudine,
1793 4132 1873 4187 deoi-

161 4220 986 4300 graduidcnorumSpiritussanctisursumversuscon-
1041 4222 1325 4293 mamquseiusdem
1354 4220 1548 4294 longitudinis
1572 4222 1602 4277 in
1632 4220 1794 4277 altitudine.
1820 4219 1871 4276 Sic

161 4314 310 4389 gruere,id
320 4309 547 4370 sstmunditism
556 4309 652 4365 cordis
661 4306 821 4365 intellectui
833 4325 984 4382 nunquam
1040 4326 1135 4365 arcam
1148 4313 1346 4366 constructam
1359 4309 1448 4366 luisse
1462 4327 1522 4367 non
1533 4310 1657 4366 dubium
1669 4314 1722 4365 est.
1739 4310 1870 4364 Trecen-

161 4405 271 4461 deesse.
287 4403 380 4475 igitur
394 4401 429 4456 de
440 4399 553 4457 ceteris
564 4399 695 4471 partibus
706 4395 795 4454 officii
807 4403 942 4467 superest
953 4402 986 4454 ut
1040 4404 1136 4455 torum
1152 4403 1214 4455 erat
1223 4398 1390 4455 cubitorum
1402 4397 1430 4452 in
1442 4398 1635 4470 lungitudine,
1645 4398 1866 4470 quinquaginta

161 4486 948 4566 suocapiti,scilicetevaugelicoconterantursensui.
1000 4475 1070 4545 itin
1099 4488 1266 4557 latitudine,
1291 4488 1413 4559 triginta
1441 4488 1607 4545 cubitorum
1644 4489 1673 4543 in
1712 4486 1872 4544 altitudine

196 4581 327 4636 Primum
342 4580 371 4637 in
389 4578 569 4651 precedente
584 4575 707 4633 lectione
722 4574 857 4647 Epistola
882 4576 985 4634 beatus
1039 4578 1175 4661 (Gaesi).

160 4671 274 4736 Petrus,
300 4683 366 4723 cum
391 4665 579 4738 prenisisset
603 4665 722 4721 dicans:
747 4661 778 4717 ln
802 4661 897 4719 diebus
918 4665 985 4721 Noc,
1077 4669 1170 4739 igilur
1186 4684 1237 4740 per
1253 4668 1362 4733 omnia,
1391 4665 1516 4722 lectione
1542 4666 1686 4740 Epistola,
1714 4666 1874 4738 Evangelio

160 4774 222 4815 eam
236 4758 421 4829 sithricorctur
435 4770 510 4822 creo,
527 4756 558 4809 in
573 4770 626 4826 qua
641 4751 736 4819 poam,
748 4749 777 4807 id
790 4755 841 4820 est,
856 4756 915 4809 octo
926 4756 988 4810 cni·
1041 4760 1228 4821 consonante,
1242 4761 1345 4813 cetera
1363 4759 1531 4829 promptum
1554 4761 1599 4813 est
1621 4757 1710 4813 olticii
1736 4756 1871 4814 membra

160 4864 210 4904 mm
226 4845 315 4903 salom
328 4847 485 4914 subticeant
498 4859 547 4914 per
570 4856 686 4913 oqisam,
711 4839 813 4897 statim
839 4840 984 4912 subiecit:
1041 4850 1187 4918 cooptare.
1206 4846 1345 4902 introitus
1358 4862 1365 4901 ι
1381 4845 1483 4902 Edemit
1497 4862 1542 4902 eos
1557 4846 1684 4902 Dominus
1700 4849 1729 4903 ιἰι
1751 4849 1830 4919 ipse:
1844 4857 1876 4906 et

161 4936 242 5012 (laod
256 4944 283 4994 et
296 4950 342 4993 cos
355 4949 430 4990 auae
449 4931 552 4988 similis
574 4935 670 5003 ionae
693 4931 783 4986 actosa
805 4931 874 5001 tacit
897 4930 987 4999 bapti-
1042 4936 1170 4990 inimicos
1183 4949 1279 4990 eoram
1292 4936 1400 5006 operuit
1414 4951 1490 4991 more
1504 4935 1593 5005 (Paul.
1611 4935 1725 5006 careri).
1739 4937 1874 5007 itemque

160 5046 233 5098 ema,
249 5043 304 5082 non
319 5027 412 5081 camis
431 5021 564 5094 depositio
587 5019 720 5090 cordiam,
739 5019 790 5076 scd
812 5019 987 5080 masseritie
1042 5022 1204 5079 Oticreuda.
1220 5024 1280 5080 Erit
1297 5023 1373 5080 ooth
1387 5026 1433 5081 tie
1446 5024 1505 5081 dies
1519 5024 1700 5094 memorialis,
1719 5041 1786 5081 cum
1804 5042 1874 5082 aar·

160 5121 239 5177 huoae
255 5114 435 5185 interrogatio
450 5111 483 5168 io
498 5112 582 5167 dmm
598 5111 619 5181 (l
629 5114 706 5166 Patr.
718 5111 772 5182 ιιι).
786 5109 848 5166 Nou
860 5112 985 5183 quasitu
1041 5112 1126 5168 sibus
1141 5110 1214 5178 suis,
1230 5112 1306 5168 uotis
1320 5116 1349 5168 et
1361 5112 1534 5186 propinquis
1545 5113 1692 5184 sensibus,
1704 5117 1764 5169 tam
1777 5112 1872 5169 Evan-

159 5227 234 5282 opus
250 5212 304 5279 cst,
323 5207 352 5263 in
370 5220 428 5277 quo
443 5202 528 5259 lectio
554 5201 613 5256 hec
636 5199 805 5271 supradicto
831 5200 986 5273 Evangelio
1040 5199 1116 5273 gello
1133 5215 1223 5272 quem
1243 5200 1378 5272 Epistola
1393 5201 1582 5258 lederentur.
1596 5201 1875 5261 Mittuntanimnos

160 5302 385 5366 cohaeretque
401 5292 531 5366 primum
554 5287 693 5345 salutaris
717 5287 857 5358 baptismi
885 5291 986 5363 regula
1040 5289 1077 5346 ad
1092 5288 1245 5345 historiam
1262 5294 1379 5363 patrum
1394 5290 1630 5360 celeberrimam,
1647 5292 1743 5365 quiin
1766 5294 1873 5364 typum

159 5384 268 5439 tradita
283 5387 338 5439 est.
356 5382 463 5438 Notum
480 5379 589 5452 quippe
604 5380 659 5444 ast,
673 5375 740 5431 otin
752 5374 987 5437 doctorumscri·
1042 5376 1554 5452 baptismiuostri,omneaioltoysc
1579 5382 1812 5454 baptizassent,
1841 5379 1874 5435 in
1961 5446 1962 5453 ,

159 5471 219 5545 ptis
234 5471 412 5527 authenticis
428 5468 571 5527 usitatum
589 5463 695 5522 similia
712 5464 822 5534 forma,
839 5469 871 5521 ut
887 5467 938 5534 sit,
954 5468 984 5525 in
1041 5467 1115 5523 nahe
1127 5473 1153 5524 ct
1169 5468 1199 5523 in
1213 5470 1288 5524 mori
1301 5468 1324 5539 (l
1339 5469 1400 5525 Cor.
1416 5475 1455 5538 xi.
1469 5472 1555 5539 Nem,
1578 5471 1657 5527 sicut
1682 5469 1748 5527 illos
1768 5469 1798 5524 in
1820 5485 1878 5540 apa

160 5559 215 5618 hac
227 5557 358 5632 Epistola
373 5563 478 5616 Petrus
492 5553 656 5629 apostolus,
672 5569 736 5611 ease
746 5552 905 5626 baptisma,
915 5559 944 5613 et
954 5556 984 5614 in
1041 5555 1139 5614 eduxit
1147 5554 1300 5628 Dominus,
1312 5556 1417 5617 scilicet
1428 5563 1583 5632 sperantes
1594 5558 1723 5629 liberari,
1736 5557 1878 5631 quamvis
