3950 6034
93 286 159 348 809
600 281 837 348 OPUSCULUM
862 283 911 345 litt
932 284 1007 346 sua
1032 279 1319 345 CONVilllSlONti.
1751 287 1812 350 810

94 435 232 477 errorem
248 435 347 476 meum
366 418 414 493 pio
439 418 543 476 allecto
568 419 753 488 miserantes,
781 415 929 474 catholicis
944 425 971 491 Α
988 417 1053 480 bas,
1070 416 1214 473 liebertus
1231 415 1404 484 nominavit
1420 416 1538 474 subtilis
1552 417 1809 490 ingenio,diserius

99 509 272 565 annuntiati
289 508 477 565 devotissime
504 508 625 580 adjungi
645 508 811 573 hortantur,
828 510 929 563 lesum
985 506 1102 580 eloquio
1117 512 1147 564 et
1160 513 1216 564 tam
1228 508 1394 565 divinarum
1410 525 1496 580 quam
1525 510 1721 569 humanarum
1737 513 1813 586 peri·

101 613 193 654 snum
223 597 531 654 misericordissimum
559 614 634 666 esse,
651 595 824 670 nullumque
846 598 880 652 sd
898 612 931 651 se
985 599 1120 655 tissimus
1131 596 1396 654 litterarumllunc
1410 614 1465 671 ego
1479 599 1626 670 nicomed
1641 601 1815 676 disputatio·

100 688 270 744 venientem
288 687 426 760 repellere
441 688 722 758 altirmaotes.juxta
736 686 815 760 qircd
831 687 930 758 ipsein
986 686 1032 743 nis
1046 686 1137 743 invito
1167 686 1347 744 conflictum.
1362 688 1430 755 Qui,
1444 690 1608 746 secundum
1632 689 1811 762 apostolum,

101 793 162 835 sno
177 781 302 834 testatur
314 777 481 850 evangelio,
494 780 573 845 Eum,
590 777 739 851 iuquiens,
754 778 803 847 qui
817 774 933 832 areoitad
986 785 1107 849 paratus
1122 778 1202 833 omni
1215 778 1356 850 poscenti,
1368 793 1411 844 ee,
1427 777 1463 834 de
1490 795 1535 849 ea,
1550 795 1614 851 qne
1630 780 1659 835 in
1681 779 1810 848 Christo,

102 884 161 937 me,
177 883 233 924 aco
245 867 360 939 ejiciam
371 866 562 939 (iaaavrldd
576 864 931 924 commendandametiam
986 865 1044 921 lida
1058 871 1089 922 et
1102 882 1164 938 spe,
1181 867 1301 923 reddere
1315 867 1469 935 rationem,
1485 876 1602 940 accepte
1616 867 1671 924 loci
1684 872 1714 925 et
1737 873 1814 926 tem·

102 957 208 1029 gratia
232 956 281 1027 huj
289 974 322 1013 ne
339 958 515 1030 largitatem,
539 954 665 1030 apostoli
680 956 725 1011 sni
755 955 837 1012 Pauli
859 954 931 1011 mibi
987 954 1066 1027 poris
1081 956 1375 1028 opportunitatemlbi
1391 974 1423 1014 se
1437 957 1473 1014 de
1487 957 1813 1031 omnibus,quibusvel·

101 1047 309 1120 proponebant
334 1049 513 1121 exennium,
531 1048 559 1104 in
584 1050 670 1119 cujus
703 1046 813 1103 bonore
837 1045 934 1101 minor
986 1042 1055 1110 lem,
1071 1049 1132 1100 tam
1151 1045 1363 1119 rationeqaam
1388 1047 1614 1119 Scriptursrum
1629 1047 1813 1116 auctoritate,

101 1138 238 1208 ejusdem
263 1137 394 1194 civitatis
418 1137 541 1195 basilica
567 1142 736 1195 constructa
756 1141 784 1194 et
799 1136 932 1192 dedicata
986 1134 1045 1192 Deo
1061 1134 1228 1205 auxiliante,
1245 1137 1466 1194 satisfacturum
1482 1138 1647 1210 pollicetur.
1662 1142 1735 1194 ‘lum
1759 1153 1813 1213 ego

102 1228 173 1299 fuit,
184 1228 315 1285 dieentes
331 1228 426 1302 primo
442 1244 508 1285 eum
526 1228 716 1297 Phariseum,
728 1235 756 1282 et
770 1228 800 1283 iu
816 1230 930 1282 tantum
987 1225 1098 1282 adeum
1115 1227 1156 1282 ita
1172 1225 1251 1300 loqui
1266 1243 1388 1285 exorsus
1402 1244 1490 1285 siam:
1507 1229 1657 1302 Magnum,
1668 1245 1718 1286 vos
1729 1228 1813 1286 Chri·

99 1315 180 1389 legis
195 1317 394 1375 nruulatorem
412 1317 512 1388 titisse,
529 1325 560 1374 ut
574 1335 591 1372 a
603 1314 786 1390 principibus
800 1314 934 1371 sacerdo·
986 1314 1086 1382 stiaui,
1105 1315 1215 1372 iudeis
1232 1317 1434 1388 praejudicium
1459 1317 1565 1386 tacitis,
1591 1317 1642 1391 qui
1661 1334 1721 1387 eos,
1738 1333 1772 1375 ao
1787 1318 1812 1375 ai

101 1411 170 1464 tum
186 1406 361 1464 auctoritate
375 1406 484 1464 Christi
500 1405 602 1463 fideles
626 1404 787 1462 insatiabili
802 1401 930 1460 erudeli·
986 1419 1075 1461 canes
1086 1412 1231 1473 mortuos,
1246 1407 1422 1464 exsecrando
1438 1407 1660 1465 stabbcrrendo
1673 1409 1811 1481 conspui-

100 1499 430 1569 tatepersequaretur3
459 1495 554 1552 sedin
583 1493 812 1551 medioeoeleris
836 1491 926 1563 hujus
987 1493 1121 1560 tis,oum
1152 1495 1266 1567 legatis,
1294 1495 1385 1552 Deum
1411 1495 1469 1552 sibi
1497 1512 1547 1554 eos
1568 1499 1604 1554 ab
1630 1496 1750 1571 antiquo
1778 1514 1813 1555 ex

102 1589 213 1643 conatu
236 1601 304 1642 cnm
324 1584 447 1642 luminis
471 1584 597 1642 caelestis
611 1584 669 1641 ictu
687 1584 715 1641 iu
740 1588 847 1641 terrem
865 1599 935 1655 prc·
987 1583 1236 1640 omnibusmnndi
1249 1583 1462 1657 nationibus,iu
1474 1586 1616 1659 populum
1634 1585 1812 1658 peculiarem

103 1678 245 1746 stratum,
256 1689 290 1730 ac
306 1676 558 1748 desopersccepts
573 1691 590 1730 s
603 1673 717 1730 cbristo
732 1671 869 1730 seniendi
886 1676 932 1728 in·
987 1670 1122 1744 elegisse,
1139 1687 1214 1745 quos
1226 1671 1305 1730 solos
1317 1673 1410 1730 sancti
1430 1673 1562 1731 neminie
1586 1674 1633 1731 sui
1648 1675 1815 1749 cognitione

103 1761 289 1828 terdictnria,
300 1761 336 1817 de
351 1761 440 1819 Saule
455 1762 484 1818 in
495 1760 629 1833 Paolum,
645 1762 682 1818 de
705 1760 775 1833 lupo
789 1761 819 1817 iu
834 1776 931 1826 ovem,
947 1802 971 1868 B
987 1760 1092 1833 dignos
1105 1762 1236 1828 duceret,
1247 1762 1356 1835 quibus
1374 1762 1447 1819 ealle
1461 1763 1709 1835 perfectissimam
1720 1765 1813 1837 justi-

104 1850 143 1907 de
159 1854 345 1923 persecutore
359 1850 389 1906 in
406 1850 623 1923 predicatorem
632 1849 804 1907 mirabiliter
815 1865 865 1921 per
879 1847 931 1905 Dei
987 1851 1032 1906 tte
1048 1866 1109 1907 sus
1129 1849 1274 1923 reguiam,
1290 1867 1380 1923 quoru
1392 1853 1537 1909 servando
1547 1853 1684 1922 uiuerent,
1701 1854 1812 1912 sancti-

104 1938 293 1996 clementiam
312 1943 525 1996 commutatum
550 1939 623 2010 (Act.
637 1938 687 2011 rx).
704 1939 755 1995 His
779 1943 808 1994 et
827 1936 930 2009 holus·
984 1954 1050 2010 qua,
1066 1938 1220 2012 sicutipse
1235 1945 1356 1997 sanctos
1372 1943 1427 2008 esi,
1442 1943 1557 2011 flerent,
1570 1940 1733 1999 ocnsolum
1749 1943 1810 1999 edi·

106 2026 191 2086 mndi
207 2029 393 2086 sermonibus
409 2029 489 2084 velut
503 2026 729 2100 quibusdam,ut
743 2026 785 2083 ita
798 2026 932 2097 dixerim,
984 2028 1076 2086 condo
1091 2029 1369 2101 pracipers,verum
1385 2029 1474 2088 etiam
1490 2030 1607 2104 proprie
1623 2047 1710 2088 manu
1722 2031 1752 2089 in
1763 2035 1809 2090 ta·

105 2117 399 2190 praecantationibus,
422 2117 581 2175 Christiani
603 2133 650 2174 me
664 2115 874 2185 demulcentes,
895 2115 932 2172 ad
983 2116 1063 2174 bulis
1074 2116 1200 2190 lapideis
1210 2118 1811 2193 conscriberedignaretur.Solis,inquam,

104 2205 307 2279 obiiciendum
329 2205 488 2280 plurimum
505 2207 709 2264 incitaverunt.
725 2211 865 2263 Processu
880 2206 934 2261 ita·
985 2206 1044 2263 Huc
1061 2206 1139 2264 enim
1156 2205 1207 2264 illa
1221 2212 1355 2277 testatur,
1372 2223 1434 2281 qna
1461 2208 1497 2265 ab
1511 2225 1560 2266 ors
1574 2213 1668 2266 uestro
1683 2211 1813 2282 quotidie

107 2312 167 2368 que
182 2296 325 2369 temporis
353 2311 388 2352 ex
403 2297 515 2354 crebris
528 2312 629 2353 eorum
646 2293 933 2352 confabulationibus
984 2295 1153 2353 ruminatur
1166 2296 1450 2370 scaptnrsmlcaas:
1467 2301 1685 2368 Quiaaauatiat
1699 2301 1812 2357 uerbum

104 2385 143 2441 ad
160 2384 340 2458 exploranda
354 2384 734 2458 diligentiusecclesiaetica
749 2390 934 2441 sacramenta
982 2400 1065 2441 saum
1087 2386 1180 2452 iacob,
1199 2384 1366 2450 institisset
1389 2385 1501 2458 judicto
1525 2403 1576 2443 saa
1604 2388 1693 2445 lsrael
1722 2389 1808 2460 (Psat.

102 2474 205 2530 sactus
220 2472 355 2542 alacrior,
372 2473 520 2529 basilicam
543 2490 600 2530 uon
616 2479 676 2529 tam
691 2474 810 2529 devotos
837 2471 934 2528 adbuc
983 2474 1099 2546 mavis).
1113 2473 1171 2532 Vos
1186 2480 1284 2532 autem
1303 2474 1395 2531 nimia
1411 2476 1575 2533 divinorum
1599 2493 1668 2548 erga
1683 2494 1736 2534 uos
1750 2494 1808 2534 ere·

104 2579 198 2638 quam
215 2563 350 2620 curiosus
370 2563 526 2630 intrabam,
543 2578 631 2634 quem
648 2567 734 2619 antee
756 2562 835 2618 velot
849 2561 934 2618 delu·
983 2564 1041 2621 cati
1056 2563 1165 2621 inuidia
1177 2580 1234 2636 pra
1249 2563 1364 2622 cunctis
1378 2563 1553 2622 mortalibus
1567 2581 1671 2623 exosos
1682 2567 1809 2637 habetis,

104 2652 196 2709 brom
212 2652 360 2725 quoddam
375 2649 651 2709 exhorrueram.Ubi
661 2649 826 2708 studiosius
836 2651 934 2708 omnia
984 2669 1060 2725 quos
1075 2652 1132 2708 Deo
1148 2652 1378 2711 honorabiliores
1391 2658 1421 2710 et
1435 2653 1601 2711 dilectiores
1615 2655 1810 2713 omnibnshc·

104 2738 301 2814 perlustrans,
317 2739 395 2796 inter
418 2739 594 2796 artificiosas
617 2737 826 2796 cmlnlurarum
841 2755 875 2794 ao
890 2739 933 2810 pl·
984 2740 1114 2798 minibus
1122 2757 1187 2798 esse
1196 2741 1326 2815 legentes
1336 2741 1566 2814 agnoscitis.Sed
1581 2743 1809 2801 estoPatlenter

104 2835 260 2887 otursrum
276 2830 431 2887 uarietates
443 2835 641 2886 monstrosum
658 2829 804 2901 quoddam
820 2828 932 2885 idolum
983 2834 1088 2906 qnippe
1099 2833 1502 2906 etoquenimiteropprobria
1513 2837 1541 2889 st
1553 2833 1807 2892 irrisioneshomi.

99 2918 296 2976 videotterno
311 2919 458 2990 siquidem
474 2933 564 2974 uuum
580 2919 775 2991 eumdemque
783 2916 931 2973 bominem
984 2937 1055 2978 num
1071 2921 1264 2988 sustinemus,
1280 2920 1479 2977 dummodnin
1495 2920 1556 2992 lege
1569 2921 1620 2977 Dei
1635 2930 1661 2979 st
1672 2937 1808 2979 ceremo-

97 3007 295 3064 humiliatum
317 3012 347 3063 et
362 3006 533 3074 exaltatum,
549 3007 730 3080 despectum,
747 3014 775 3063 et
788 3011 930 3073 eventum,
983 3011 1042 3067 niis
1057 3011 1122 3081 ejus
1133 3009 1258 3067 fideliter
1269 3009 1597 3083 perseveremus.lleltus
1615 3017 1658 3067 eat
1672 3013 1748 3068 enim
1762 3011 1808 3069 ia·

98 3096 335 3169 ignominiosum
347 3094 553 3169 etgloriosuin,
569 3096 703 3154 deorsum
720 3095 890 3153 mirabiliter
900 3099 930 3150 in
984 3098 1077 3156 cidere
1088 3098 1119 3156 ia
1134 3116 1231 3156 manus
1248 3099 1402 3169 bominum,
1427 3116 1514 3173 quara
1526 3099 1809 3173 derelinquerelepcm

100 3201 192 3244 cruce
221 3185 408 3258 pendentem,
422 3190 452 3242 et
476 3202 594 3242 sursum
620 3185 734 3258 pictura
758 3184 929 3251 mentiente,
949 3156 1038 3245 cllei
1051 3189 1139 3246 aoslri
1162 3190 1244 3261 (baa.
1259 3192 1333 3259 xiii).
1349 3189 1422 3254 Quid
1439 3190 1519 3245 enim
1537 3190 1628 3264 magis
1643 3189 1808 3247 timendum

98 3274 347 3331 venustissimum
360 3274 510 3331 hominem
527 3273 603 3330 velut
618 3276 784 3332 deificatum
802 3277 930 3332 residen-
985 3282 1041 3343 esi,
1057 3277 1131 3333 iram
1149 3278 1198 3334 Dei
1210 3278 1367 3345 sustinere,
1386 3279 1422 3334 ab
1433 3278 1607 3335 bominibus
1620 3278 1754 3351 conspui,
1771 3295 1808 3335 au

98 3368 176 3422 tem.
192 3363 460 3436 Fateormbstupui,
470 3364 624 3435 suspicans
640 3363 930 3437 hujusmodielllgies
985 3382 1002 3421 a
1018 3365 1076 3423 Deo
1091 3366 1246 3423 maledicit
1261 3366 1291 3422 lo
1307 3366 1371 3439 iege
1382 3371 1480 3423 sutem
1491 3367 1592 3424 divina
1606 3368 1649 3424 sio
1664 3368 1806 3440 scriptum

98 3451 932 3525 simutanmensnanevarinerroregentilitussibidica·
985 3458 1031 3510 est
1059 3471 1067 3510 ι
1091 3454 1250 3511 Maledictus
1274 3456 1376 3523 amau,
1405 3457 1455 3528 qui
1476 3472 1533 3511 aare
1555 3455 1742 3529 permanserit
1773 3454 1804 3511 irs

97 3543 307 3600 recoueuevit.
324 3542 405 3606 Quod
422 3542 512 3597 etiam
535 3558 601 3597 rere
616 3542 658 3598 sic
673 3557 750 3610 esse,
767 3541 931 3614 pharisaico
984 3544 1123 3612 omnibus,
1141 3557 1205 3615 puae
1217 3544 1320 3616 scripta
1340 3547 1406 3598 suat
1434 3545 1465 3600 ia
1486 3545 1626 3602 uolumine
1639 3546 1691 3601 ista
1705 3545 1807 3616 (Daui.

102 3633 353 3706 mihi-quondam
380 3632 515 3689 doctrina
543 3638 739 3705 persuaserat.
769 3638 857 3690 Porro
881 3631 931 3689 ille
984 3637 1084 3703 xxvii).
1104 3632 1136 3688 ln
1160 3631 1269 3703 quibus
1297 3630 1438 3688 nimirum
1467 3634 1570 3699 serbis,
1596 3633 1674 3690 sicut
1694 3637 1805 3700 nostra,

102 3738 204 3791 meus,
217 3722 303 3791 culus
317 3737 408 3793 supra
420 3720 729 3793 memini,pedagogue
745 3719 849 3777 callide
859 3720 930 3792 quid
985 3737 1050 3795 que
1060 3738 1095 3779 ex
1108 3720 1173 3793 lege
1186 3720 1360 3791 est,lustitia
1373 3725 1474 3777 contra
1486 3737 1587 3779 omnes
1601 3720 1808 3779 oblatrationes

102 3827 224 3884 agerem
241 3810 408 3882 explorans,
438 3810 488 3865 ubi
507 3811 593 3866 toties
622 3810 853 3868 Christianorum
884 3825 931 3867 me
986 3817 1096 3867 vestras
1123 3806 1289 3866 detenditur
1319 3807 1492 3864 auctoritate
1515 3808 1707 3882 insuperabili
1732 3825 1739 3865 :
1766 3808 1809 3865 lte

99 3904 264 3958 annuentes
280 3899 514 3972 frequentantem
529 3895 758 3956 eteoclesiarum
768 3899 872 3955 limina
886 3902 930 3955 te·
986 3915 1104 3972 quoque
1116 3903 1213 3954 vestra
1227 3896 1375 3969 superbia,
1397 3913 1453 3969 qua
1469 3913 1520 3955 ros
1535 3896 1661 3955 inaniter
1686 3896 1722 3954 de
1737 3896 1809 3970 legis

103 3992 224 4046 nentem
237 3987 545 4060 deprehendit,espere
560 4003 605 4045 me
616 3989 695 4045 velut
718 4004 778 4045 cue
792 3987 930 4045 custodiae
985 3988 1189 4045 obsecratione
1200 3987 1353 4059 jactitatis,
1370 3987 1513 4060 nobisque
1528 3986 1666 4061 simplici,
1683 3995 1715 4043 ut
1734 4003 1811 4059 epa-

102 4076 305 4148 mancipalum
319 4075 660 4149 redarguit,ooatestatus
671 4076 930 4134 seomnesillioits
986 4078 1084 4134 tribus
1099 4076 1208 4133 uostris
1222 4073 1399 4149 accepimus,
1415 4078 1615 4134 observatione
1631 4076 1809 4145 tenentibus,

103 4163 287 4221 curiositatis
303 4179 375 4219 meso
389 4164 514 4235 ineptias
529 4165 563 4220 nd
580 4180 667 4220 aures
683 4174 834 4236 pareutum
851 4182 930 4222 meo·
986 4164 1614 4239 imploderngetismenilesteconvincitur.
1645 4165 1808 4223 [iumeulm

103 4251 538 4325 rumperlaturum.ilgoautem
552 4253 692 4309 minuent
709 4253 932 4327 redargutiones
987 4254 1189 4311 universaliter
1212 4253 1344 4310 dicitur:
1373 4253 1532 4311 Maledictus
1554 4256 1656 4320 amau,
1685 4256 1735 4326 qui
1754 4269 1810 4310 aaa

102 4343 198 4410 illius,
214 4349 353 4414 tanquam
367 4341 547 4413 surdus,ucn
563 4342 786 4409 audieus,tsnte
802 4344 932 4414 quotidie
985 4353 1169 4416 permanserit
1183 4341 1426 4416 instantiusque!
1437 4344 1545 4416 scripta
1562 4353 1627 4399 suot
1640 4345 1671 4399 ia
1692 4341 1811 4400 uolumi-

103 4432 271 4492 enriositati
286 4432 438 4500 vacabam,
454 4438 560 4505 quanto
575 4435 632 4490 sub
651 4449 720 4490 cura
744 4433 854 4506 degens
868 4433 930 4508 epi·
986 4448 1023 4489 sie
1037 4434 1100 4503 istc,
1111 4431 1185 4488 nihil
1200 4431 1378 4488 discernitur
1391 4448 1445 4489 nec
1459 4434 1611 4506 excipitur.
1627 4429 1686 4490 Vos
1698 4438 1808 4504 sutem,

104 4523 199 4594 scopi,
216 4522 253 4578 ab
281 4522 362 4578 omui
379 4523 495 4595 penitus
511 4522 628 4593 negotio
644 4521 814 4579 liberrimus
837 4539 928 4579 eram.
944 4525 969 4591 D
985 4540 1045 4580 nou
1059 4523 1141 4595 legis,
1162 4527 1194 4579 ut
1208 4523 1316 4590 dicitis,
1337 4522 1471 4594 lectores,
1495 4524 1547 4580 sed
1576 4521 1662 4596 plane
1683 4524 1809 4597 iudices,

105 4611 285 4670 clericorum
312 4611 400 4668 etism
416 4628 493 4683 sepa
512 4611 680 4684 ingrediens
696 4611 825 4678 scholas,
841 4611 933 4668 libros
985 4628 1064 4678 eam,
1087 4611 1165 4684 quod
1180 4611 1258 4668 dictu
1274 4610 1464 4668 ridiculosum
1478 4619 1532 4683 est,
1549 4628 1601 4685 pro
1627 4612 1701 4671 velle
1715 4618 1810 4671 vestro

106 4700 145 4757 ab
160 4697 203 4755 eis
218 4698 327 4772 accepi,
344 4699 373 4754 in
388 4699 497 4770 quibus
510 4700 694 4773 singulorum
718 4701 930 4758 elementorum
985 4699 1143 4772 corrigitis,
1172 4701 1351 4772 slqoadam
1371 4700 1492 4773 quidem
1518 4703 1679 4773 suscipitis,
1709 4712 1812 4761 cetera

108 4786 303 4862 proprietates
318 4787 474 4861 diligenter
487 4788 933 4860 considerans,elvocabulssa·
986 4808 1052 4849 vero
1066 4790 1109 4847 sel
1134 4793 1166 4847 ut
1193 4789 1394 4860 superstitiosa
1416 4793 1562 4865 respuitis,
1578 4794 1622 4853 vol
1643 4799 1674 4852 ut
1688 4797 1813 4870 mystice

104 4878 216 4947 gaoiter
230 4876 494 4949 inuestigane,coepi
510 4879 681 4937 subitocum
697 4879 932 4952 ingentiaudien·
986 4881 1096 4947 stelin,
1113 4895 1204 4951 quam
1219 4879 1383 4938 dictasunt
1398 4882 1482 4939 modo
1511 4883 1680 4956 accipianda
1708 4885 1809 4942 stultis

105 4965 182 5023 tium
192 4965 430 5040 stuporelittarae
437 4966 559 5040 syllabis
570 4975 598 5025 et
607 4968 932 5042 syllabasdietinnibus,
987 4965 1277 5039 etsnllibue,quibus
1289 4966 1336 5023 cui
1351 4967 1442 5040 placet
1456 4968 1621 5027 fictionibus
1633 4972 1810 5044 depravatis.

108 5055 191 5113 nullo
203 5056 336 5122 docente,
361 5056 508 5130 copulare,
524 5058 625 5130 sicque
645 5059 675 5115 in
686 5059 766 5116 brevi
779 5059 933 5117 scientiam
988 5058 1084 5116 Stulta
1104 5054 1189 5129 plens
1204 5054 1638 5115 dementiastomuiuoridends
1649 5059 1811 5132 temeritas,

107 5144 226 5219 legendi
240 5147 406 5220 scripturas
422 5158 576 5205 assecutus
604 5164 682 5207 snm.
708 5152 787 5217 Quod
810 5167 846 5208 ne
861 5151 935 5207 torte
988 5146 1124 5205 homiues
1139 5143 1211 5201 velle
1226 5144 1381 5217 corrigere,
1396 5161 1471 5219 quos
1485 5146 1575 5219 [qun]
1590 5146 1667 5203 Dens
1678 5146 1809 5206 instituit

109 5234 196 5293 alicui
214 5237 268 5294 bno
283 5234 454 5294 incredibile
474 5238 614 5304 videatur,
631 5254 690 5295 nou
706 5240 778 5295 mibi
793 5240 845 5296 sed
864 5240 934 5307 Deo,
990 5248 1075 5309 utque
1091 5233 1147 5291 sub
1162 5231 1284 5288 terribili
1299 5233 1500 5291 maledictione
1524 5234 1697 5292 bominibus
1711 5237 1812 5293 obser·

112 5326 159 5382 oui
177 5326 250 5382 nihil
267 5327 427 5399 impossibe
440 5330 486 5384 ast
501 5328 677 5385 ascribatur.
990 5328 1083 5384 nanda
1100 5322 1258 5380 mandarit.
1274 5322 1326 5378 (lui
1342 5323 1442 5397 utique
1457 5323 1653 5381 maledictioni
1664 5341 1715 5382 vos
1726 5325 1812 5383 Chri·

108 5431 177 5490 oc.
197 5433 246 5490 ill.
263 5462 297 5475 -
311 5434 349 5490 aa
360 5434 456 5491 iecra
469 5451 532 5491 cum
543 5436 667 5503 accere,
679 5434 778 5491 cacare
792 5433 935 5493 rasicae.
991 5415 1078 5474 suini
1089 5410 1207 5469 conexu
1221 5411 1303 5480 estis,
1319 5413 1370 5484 qui
1386 5412 1457 5485 regn
1471 5413 1541 5468 dum
1556 5429 1622 5470 ⁶⁸³0
1636 5416 1814 5486 presumas

423 5506 619 5580 disputatione.
988 5505 1117 5580 judices,
1147 5500 1352 5559 convincimini
1376 5507 1405 5559 et
1419 5504 1664 5575 prevaricatores.
1691 5506 1765 5564 Nam
1782 5511 1816 5566 ut

142 5595 314 5653 llorsbntur
330 5599 511 5671 contempero
528 5597 696 5657 monasterii
709 5595 867 5656 Tuitiecsis
882 5597 936 5656 eb·
993 5596 1110 5660 iuterim
1127 5605 1217 5648 unum
1233 5604 1249 5645 e
1264 5589 1398 5662 pluribus
1417 5592 1555 5664 suiilciat,
1571 5597 1748 5669 proteratur,
1763 5612 1817 5657 cur

249 5696 380 5762 Parnon·
403 5696 518 5784 cinxit,
1637 5696 1678 5762 26
