<?xml version="1.0" encoding="UTF-8"?>
<!DOCTYPE html PUBLIC "-//W3C//DTD XHTML 1.0 Transitional//EN"
    "http://www.w3.org/TR/xhtml1/DTD/xhtml1-transitional.dtd">
<html xmlns="http://www.w3.org/1999/xhtml" xml:lang="en" lang="en">
 <head>
  <title>
</title>
<meta http-equiv="Content-Type" content="text/html;charset=utf-8" />
  <meta name='ocr-system' content='tesseract 3.04.00' />
  <meta name='ocr-capabilities' content='ocr_page ocr_carea ocr_par ocr_line ocrx_word'/>
</head>
<body>
  <div class='ocr_page' id='page_1' title='image "./patrologiaecurs119unkngoog_0473.png"; bbox 0 0 3950 6034; ppageno 0'>
   <div class='ocr_carea' id='block_1_1' title="bbox 125 233 1836 316">
    <p class='ocr_par' dir='ltr' id='par_1_1' title="bbox 125 233 1836 316">
     <span class='ocr_line' id='line_1_1' title="bbox 125 233 1836 316; baseline 0.011 -18"><span class='ocrx_word' id='word_1_1' title='bbox 125 233 186 298; x_wconf 75' lang='lat'><strong>807</strong></span> <span class='ocrx_word' id='word_1_2' title='bbox 501 233 688 300; x_wconf 77' lang='lat' dir='ltr'>HISTORIA</span> <span class='ocrx_word' id='word_1_3' title='bbox 710 234 1062 299; x_wconf 73' lang='lat' dir='ltr'><strong>courosustcartl.</strong></span> <span class='ocrx_word' id='word_1_4' title='bbox 1087 269 1124 284; x_wconf 88' lang='lat'><strong>·-</strong></span> <span class='ocrx_word' id='word_1_5' title='bbox 1146 239 1221 304; x_wconf 87' lang='lat' dir='ltr'>LIB.</span> <span class='ocrx_word' id='word_1_6' title='bbox 1245 242 1272 304; x_wconf 89' lang='grc' dir='ltr'><strong>Ι.</strong></span> <span class='ocrx_word' id='word_1_7' title='bbox 1294 242 1358 304; x_wconf 82' lang='grc' dir='ltr'><strong>ΑΝ.</strong></span> <span class='ocrx_word' id='word_1_8' title='bbox 1380 241 1453 305; x_wconf 74' lang='grc' dir='ltr'><strong>9Ξο.</strong></span> <span class='ocrx_word' id='word_1_9' title='bbox 1774 253 1836 316; x_wconf 74' lang='grc'><strong>898</strong></span> 
     </span>
    </p>
   </div>
   <div class='ocr_carea' id='block_1_2' title="bbox 126 369 1879 4756">
    <p class='ocr_par' dir='ltr' id='par_1_2' title="bbox 126 369 1879 2872">
     <span class='ocr_line' id='line_1_2' title="bbox 161 369 1836 465; baseline 0.013 -38"><span class='ocrx_word' id='word_1_10' title='bbox 161 371 191 426; x_wconf 73' lang='lat' dir='ltr'><strong>d·</strong></span> <span class='ocrx_word' id='word_1_11' title='bbox 206 369 280 428; x_wconf 88' lang='lat' dir='ltr'><strong>linio</strong></span> <span class='ocrx_word' id='word_1_12' title='bbox 294 369 430 445; x_wconf 85' lang='lat' dir='ltr'><strong>equidem</strong></span> <span class='ocrx_word' id='word_1_13' title='bbox 446 370 626 430; x_wconf 70' lang='lat' dir='ltr'><strong>sisnandum</strong></span> <span class='ocrx_word' id='word_1_14' title='bbox 642 370 737 428; x_wconf 87' lang='lat' dir='ltr'><strong>lilium</strong></span> <span class='ocrx_word' id='word_1_15' title='bbox 752 369 869 428; x_wconf 90' lang='lat' dir='ltr'><strong>comitis</strong></span> <span class='ocrx_word' id='word_1_16' title='bbox 891 370 953 428; x_wconf 85' lang='lat' dir='ltr'><strong>lde·</strong></span> <span class='ocrx_word' id='word_1_17' title='bbox 971 379 1000 449; x_wconf 67' lang='grc' dir='ltr'><strong>Α</strong></span> <span class='ocrx_word' id='word_1_18' title='bbox 1012 375 1087 442; x_wconf 88' lang='lat' dir='ltr'><strong>rent,</strong></span> <span class='ocrx_word' id='word_1_19' title='bbox 1101 377 1183 434; x_wconf 85' lang='lat' dir='ltr'><strong>tanto</strong></span> <span class='ocrx_word' id='word_1_20' title='bbox 1196 376 1377 437; x_wconf 83' lang='lat' dir='ltr'><strong>dissenteria</strong></span> <span class='ocrx_word' id='word_1_21' title='bbox 1391 381 1559 440; x_wconf 84' lang='lat' dir='ltr'><strong>morbosos</strong></span> <span class='ocrx_word' id='word_1_22' title='bbox 1575 387 1731 461; x_wconf 73' lang='lat' dir='ltr'><strong>percussit,</strong></span> <span class='ocrx_word' id='word_1_23' title='bbox 1743 392 1836 465; x_wconf 86' lang='lat' dir='ltr'><strong>qnod,</strong></span> 
     </span>
     <span class='ocr_line' id='line_1_3' title="bbox 126 459 1836 553; baseline 0.012 -37"><span class='ocrx_word' id='word_1_24' title='bbox 126 459 226 530; x_wconf 89' lang='lat' dir='ltr'><strong>nendi,</strong></span> <span class='ocrx_word' id='word_1_25' title='bbox 250 476 285 517; x_wconf 92' lang='lat' dir='ltr'><strong>ae</strong></span> <span class='ocrx_word' id='word_1_26' title='bbox 299 464 435 532; x_wconf 90' lang='lat' dir='ltr'><strong>nepotem</strong></span> <span class='ocrx_word' id='word_1_27' title='bbox 464 460 578 533; x_wconf 78' lang='lat' dir='ltr'><strong>praefati</strong></span> <span class='ocrx_word' id='word_1_28' title='bbox 602 460 786 519; x_wconf 85' lang='lat' dir='ltr'><strong>Gundesindi</strong></span> <span class='ocrx_word' id='word_1_29' title='bbox 810 459 954 534; x_wconf 76' lang='lat' dir='ltr'>episcopi,</span> <span class='ocrx_word' id='word_1_30' title='bbox 1010 465 1134 522; x_wconf 89' lang='lat' dir='ltr'><strong>mortuis</strong></span> <span class='ocrx_word' id='word_1_31' title='bbox 1145 482 1247 524; x_wconf 89' lang='lat' dir='ltr'><strong>eorum</strong></span> <span class='ocrx_word' id='word_1_32' title='bbox 1259 468 1499 542; x_wconf 86' lang='lat' dir='ltr'><strong>quampluribus,</strong></span> <span class='ocrx_word' id='word_1_33' title='bbox 1516 477 1656 546; x_wconf 87' lang='lat' dir='ltr'><strong>perpauci</strong></span> <span class='ocrx_word' id='word_1_34' title='bbox 1668 478 1704 534; x_wconf 88' lang='lat' dir='ltr'><strong>ad</strong></span> <span class='ocrx_word' id='word_1_35' title='bbox 1718 481 1836 553; x_wconf 91' lang='lat' dir='ltr'><strong>propris</strong></span> 
     </span>
     <span class='ocr_line' id='line_1_4' title="bbox 126 550 1835 630; baseline 0.012 -25"><span class='ocrx_word' id='word_1_36' title='bbox 126 550 255 622; x_wconf 83' lang='lat' dir='ltr'><strong>quadam</strong></span> <span class='ocrx_word' id='word_1_37' title='bbox 266 554 343 607; x_wconf 87' lang='lat' dir='ltr'><strong>sorte</strong></span> <span class='ocrx_word' id='word_1_38' title='bbox 358 550 513 624; x_wconf 88' lang='lat' dir='ltr'><strong>potestatis</strong></span> <span class='ocrx_word' id='word_1_39' title='bbox 523 551 738 620; x_wconf 78' lang='lat' dir='ltr'><strong>succedentem,</strong></span> <span class='ocrx_word' id='word_1_40' title='bbox 750 550 953 608; x_wconf 79' lang='lat' dir='ltr'><strong>itessauclius</strong></span> <span class='ocrx_word' id='word_1_41' title='bbox 1010 553 1835 630; x_wconf 80' lang='lat' dir='ltr'><strong>redierunt.CumqrrednxeorumAlmasorinternaconsi·</strong></span> 
     </span>
     <span class='ocr_line' id='line_1_5' title="bbox 127 638 1836 732; baseline 0.013 -38"><span class='ocrx_word' id='word_1_42' title='bbox 127 638 159 694; x_wconf 90' lang='lat' dir='ltr'><strong>in</strong></span> <span class='ocrx_word' id='word_1_43' title='bbox 177 639 339 695; x_wconf 74' lang='lat' dir='ltr'><strong>tenebrosis</strong></span> <span class='ocrx_word' id='word_1_44' title='bbox 363 639 528 697; x_wconf 87' lang='lat' dir='ltr'><strong>carceribus</strong></span> <span class='ocrx_word' id='word_1_45' title='bbox 544 639 663 698; x_wconf 79' lang='lat' dir='ltr'><strong>obtrudi</strong></span> <span class='ocrx_word' id='word_1_46' title='bbox 677 640 825 713; x_wconf 82' lang='lat' dir='ltr'><strong>praecepit,</strong></span> <span class='ocrx_word' id='word_1_47' title='bbox 842 639 956 698; x_wconf 87' lang='lat' dir='ltr'><strong>lteodo-</strong></span> <span class='ocrx_word' id='word_1_48' title='bbox 1010 641 1162 701; x_wconf 82' lang='lat' dir='ltr'><strong>deuotione</strong></span> <span class='ocrx_word' id='word_1_49' title='bbox 1176 649 1262 703; x_wconf 83' lang='lat' dir='ltr'><strong>lanta</strong></span> <span class='ocrx_word' id='word_1_50' title='bbox 1279 647 1402 705; x_wconf 89' lang='lat' dir='ltr'><strong>ultionis</strong></span> <span class='ocrx_word' id='word_1_51' title='bbox 1418 649 1548 722; x_wconf 89' lang='lat' dir='ltr'><strong>periculo</strong></span> <span class='ocrx_word' id='word_1_52' title='bbox 1563 668 1633 710; x_wconf 90' lang='lat' dir='ltr'><strong>enos</strong></span> <span class='ocrx_word' id='word_1_53' title='bbox 1648 655 1746 714; x_wconf 88' lang='lat' dir='ltr'><strong>acrius</strong></span> <span class='ocrx_word' id='word_1_54' title='bbox 1768 675 1836 732; x_wconf 88' lang='lat' dir='ltr'><strong>per·</strong></span> 
     </span>
     <span class='ocr_line' id='line_1_6' title="bbox 127 727 1832 814; baseline 0.011 -27"><span class='ocrx_word' id='word_1_55' title='bbox 127 727 248 787; x_wconf 85' lang='lat' dir='ltr'><strong>sladum</strong></span> <span class='ocrx_word' id='word_1_56' title='bbox 259 729 313 800; x_wconf 76' lang='grc'>(26)</span> <span class='ocrx_word' id='word_1_57' title='bbox 329 728 495 786; x_wconf 81' lang='lat' dir='ltr'><strong>Cellsncvoe</strong></span> <span class='ocrx_word' id='word_1_58' title='bbox 511 730 678 806; x_wconf 88' lang='lat' dir='ltr'><strong>religiosum</strong></span> <span class='ocrx_word' id='word_1_59' title='bbox 694 728 873 789; x_wconf 89' lang='lat' dir='ltr'><strong>monachum</strong></span> <span class='ocrx_word' id='word_1_60' title='bbox 889 730 955 803; x_wconf 75' lang='lat' dir='ltr'><strong>elus</strong></span> <span class='ocrx_word' id='word_1_61' title='bbox 1011 731 1641 814; x_wconf 79' lang='lat' dir='ltr'><strong>cuticonapioeretquisnamessetillsquus</strong></span> <span class='ocrx_word' id='word_1_62' title='bbox 1652 745 1832 806; x_wconf 87' lang='lat' dir='ltr'><strong>aulaeorum</strong></span> 
     </span>
     <span class='ocr_line' id='line_1_7' title="bbox 129 816 1834 899; baseline 0.013 -25"><span class='ocrx_word' id='word_1_63' title='bbox 129 816 307 876; x_wconf 80' lang='lat' dir='ltr'><strong>inhonorem</strong></span> <span class='ocrx_word' id='word_1_64' title='bbox 318 819 494 891; x_wconf 74' lang='lat' dir='ltr'><strong>subrogavit.</strong></span> <span class='ocrx_word' id='word_1_65' title='bbox 510 821 651 877; x_wconf 79' lang='lat' dir='ltr'><strong>Defuncto</strong></span> <span class='ocrx_word' id='word_1_66' title='bbox 666 820 829 895; x_wconf 86' lang='lat' dir='ltr'><strong>igiturrege</strong></span> <span class='ocrx_word' id='word_1_67' title='bbox 839 820 956 878; x_wconf 82' lang='lat' dir='ltr'><strong>Sanctio</strong></span> <span class='ocrx_word' id='word_1_68' title='bbox 1010 821 1563 899; x_wconf 82' lang='lat' dir='ltr'><strong>impetujsmleredeetrnctaesoet,sui</strong></span> <span class='ocrx_word' id='word_1_69' title='bbox 1574 832 1834 897; x_wconf 87' lang='lat' dir='ltr'><strong>itineriaductores</strong></span> 
     </span>
     <span class='ocr_line' id='line_1_8' title="bbox 129 908 1832 999; baseline 0.011 -34"><span class='ocrx_word' id='word_1_70' title='bbox 129 908 209 965; x_wconf 85' lang='lat' dir='ltr'><strong>idern</strong></span> <span class='ocrx_word' id='word_1_71' title='bbox 234 908 431 967; x_wconf 87' lang='lat' dir='ltr'><strong>Sisnandusa</strong></span> <span class='ocrx_word' id='word_1_72' title='bbox 454 909 580 968; x_wconf 86' lang='lat' dir='ltr'><strong>vinculis</strong></span> <span class='ocrx_word' id='word_1_73' title='bbox 606 925 674 968; x_wconf 90' lang='lat' dir='ltr'><strong>mox</strong></span> <span class='ocrx_word' id='word_1_74' title='bbox 691 915 819 983; x_wconf 89' lang='lat' dir='ltr'><strong>ereptus,</strong></span> <span class='ocrx_word' id='word_1_75' title='bbox 845 912 956 966; x_wconf 87' lang='lat' dir='ltr'><strong>armata</strong></span> <span class='ocrx_word' id='word_1_76' title='bbox 1011 910 1103 967; x_wconf 89' lang='lat' dir='ltr'><strong>lertur</strong></span> <span class='ocrx_word' id='word_1_77' title='bbox 1117 914 1312 973; x_wconf 87' lang='lat' dir='ltr'><strong>cousuluisse.</strong></span> <span class='ocrx_word' id='word_1_78' title='bbox 1330 915 1458 982; x_wconf 78' lang='lat' dir='ltr'><strong>Quorum</strong></span> <span class='ocrx_word' id='word_1_79' title='bbox 1478 919 1617 979; x_wconf 85' lang='lat' dir='ltr'><strong>nimirum</strong></span> <span class='ocrx_word' id='word_1_80' title='bbox 1632 926 1832 999; x_wconf 88' lang='lat' dir='ltr'><strong>responsione,</strong></span> 
     </span>
     <span class='ocr_line' id='line_1_9' title="bbox 133 997 1833 1082; baseline 0.01 -26"><span class='ocrx_word' id='word_1_81' title='bbox 133 1014 221 1056; x_wconf 91' lang='lat' dir='ltr'><strong>mann</strong></span> <span class='ocrx_word' id='word_1_82' title='bbox 232 998 261 1054; x_wconf 95' lang='lat' dir='ltr'><strong>in</strong></span> <span class='ocrx_word' id='word_1_83' title='bbox 275 999 442 1056; x_wconf 82' lang='lat' dir='ltr'><strong>dletlstalie</strong></span> <span class='ocrx_word' id='word_1_84' title='bbox 452 997 569 1058; x_wconf 86' lang='lat' dir='ltr'><strong>Domini</strong></span> <span class='ocrx_word' id='word_1_85' title='bbox 580 999 807 1072; x_wconf 80' lang='lat' dir='ltr'><strong>Composteilsm</strong></span> <span class='ocrx_word' id='word_1_86' title='bbox 824 999 955 1068; x_wconf 84' lang='lat' dir='ltr'><strong>intravit,</strong></span> <span class='ocrx_word' id='word_1_87' title='bbox 1010 997 1150 1059; x_wconf 78' lang='lat' dir='ltr'><strong>iacobum</strong></span> <span class='ocrx_word' id='word_1_88' title='bbox 1166 1003 1287 1073; x_wconf 88' lang='lat' dir='ltr'><strong>sollioat,</strong></span> <span class='ocrx_word' id='word_1_89' title='bbox 1301 1022 1394 1062; x_wconf 88' lang='lat' dir='ltr'><strong>uuum</strong></span> <span class='ocrx_word' id='word_1_90' title='bbox 1409 1024 1443 1065; x_wconf 89' lang='lat' dir='ltr'><strong>ex</strong></span> <span class='ocrx_word' id='word_1_91' title='bbox 1459 1009 1615 1082; x_wconf 83' lang='lat' dir='ltr'><strong>discipulis</strong></span> <span class='ocrx_word' id='word_1_92' title='bbox 1642 1013 1707 1070; x_wconf 81' lang='lat' dir='ltr'><strong>Filii</strong></span> <span class='ocrx_word' id='word_1_93' title='bbox 1735 1016 1833 1073; x_wconf 77' lang='lat' dir='ltr'><strong>Maris</strong></span> 
     </span>
     <span class='ocr_line' id='line_1_10' title="bbox 131 1089 1836 1168; baseline 0.011 -24"><span class='ocrx_word' id='word_1_94' title='bbox 131 1096 161 1144; x_wconf 90' lang='lat' dir='ltr'><strong>et</strong></span> <span class='ocrx_word' id='word_1_95' title='bbox 174 1091 291 1161; x_wconf 81' lang='lat' dir='ltr'><strong>arrepto</strong></span> <span class='ocrx_word' id='word_1_96' title='bbox 306 1104 376 1146; x_wconf 84' lang='lat' dir='ltr'><strong>ense</strong></span> <span class='ocrx_word' id='word_1_97' title='bbox 392 1090 612 1147; x_wconf 84' lang='lat' dir='ltr'><strong>Reodosindum</strong></span> <span class='ocrx_word' id='word_1_98' title='bbox 629 1089 759 1147; x_wconf 86' lang='lat' dir='ltr'><strong>minatus</strong></span> <span class='ocrx_word' id='word_1_99' title='bbox 781 1094 827 1148; x_wconf 88' lang='lat' dir='ltr'><strong>est</strong></span> <span class='ocrx_word' id='word_1_100' title='bbox 840 1090 956 1159; x_wconf 86' lang='lat' dir='ltr'><strong>decapi-</strong></span> <span class='ocrx_word' id='word_1_101' title='bbox 1011 1089 1140 1164; x_wconf 86' lang='lat' dir='ltr'><strong>virginis</strong></span> <span class='ocrx_word' id='word_1_102' title='bbox 1155 1092 1241 1164; x_wconf 78' lang='lat' dir='ltr'><strong>cujus</strong></span> <span class='ocrx_word' id='word_1_103' title='bbox 1254 1110 1362 1151; x_wconf 92' lang='lat' dir='ltr'><strong>nomon</strong></span> <span class='ocrx_word' id='word_1_104' title='bbox 1373 1098 1449 1168; x_wconf 92' lang='lat' dir='ltr'><strong>apud</strong></span> <span class='ocrx_word' id='word_1_105' title='bbox 1460 1114 1522 1164; x_wconf 91' lang='lat' dir='ltr'><strong>eos,</strong></span> <span class='ocrx_word' id='word_1_106' title='bbox 1534 1116 1601 1157; x_wconf 87' lang='lat' dir='ltr'><strong>eoos</strong></span> <span class='ocrx_word' id='word_1_107' title='bbox 1612 1101 1705 1159; x_wconf 84' lang='lat' dir='ltr'><strong>Maria</strong></span> <span class='ocrx_word' id='word_1_108' title='bbox 1717 1122 1836 1164; x_wconf 86' lang='lat' dir='ltr'><strong>nuncu·</strong></span> 
     </span>
     <span class='ocr_line' id='line_1_11' title="bbox 132 1178 1834 1263; baseline 0.009 -27"><span class='ocrx_word' id='word_1_109' title='bbox 132 1183 197 1236; x_wconf 85' lang='lat' dir='ltr'><strong>tere</strong></span> <span class='ocrx_word' id='word_1_110' title='bbox 211 1178 382 1253; x_wconf 90' lang='lat' dir='ltr'><strong>episcopum</strong></span> <span class='ocrx_word' id='word_1_111' title='bbox 397 1178 464 1253; x_wconf 78' lang='grc'>(27).</span> <span class='ocrx_word' id='word_1_112' title='bbox 481 1178 682 1237; x_wconf 87' lang='lat' dir='ltr'><strong>ileodosindus</strong></span> <span class='ocrx_word' id='word_1_113' title='bbox 706 1178 806 1252; x_wconf 83' lang='lat' dir='ltr'><strong>itaque</strong></span> <span class='ocrx_word' id='word_1_114' title='bbox 819 1179 864 1235; x_wconf 79' lang='lat' dir='ltr'><strong>vir</strong></span> <span class='ocrx_word' id='word_1_115' title='bbox 886 1193 957 1235; x_wconf 91' lang='lat' dir='ltr'><strong>sau·</strong></span> <span class='ocrx_word' id='word_1_116' title='bbox 1012 1186 1108 1252; x_wconf 90' lang='lat' dir='ltr'><strong>patnr,</strong></span> <span class='ocrx_word' id='word_1_117' title='bbox 1123 1180 1233 1238; x_wconf 80' lang='lat' dir='ltr'><strong>ibidem</strong></span> <span class='ocrx_word' id='word_1_118' title='bbox 1249 1183 1414 1241; x_wconf 87' lang='lat' dir='ltr'><strong>certissime</strong></span> <span class='ocrx_word' id='word_1_119' title='bbox 1429 1188 1570 1245; x_wconf 87' lang='lat' dir='ltr'><strong>tumulari</strong></span> <span class='ocrx_word' id='word_1_120' title='bbox 1585 1193 1784 1263; x_wconf 88' lang='lat' dir='ltr'><strong>comperiens,</strong></span> <span class='ocrx_word' id='word_1_121' title='bbox 1800 1211 1834 1253; x_wconf 90' lang='lat' dir='ltr'><strong>ao</strong></span> 
     </span>
     <span class='ocr_line' id='line_1_12' title="bbox 130 1265 1835 1353; baseline 0.009 -29"><span class='ocrx_word' id='word_1_122' title='bbox 130 1265 285 1325; x_wconf 90' lang='lat' dir='ltr'><strong>ctissimns</strong></span> <span class='ocrx_word' id='word_1_123' title='bbox 298 1283 396 1324; x_wconf 88' lang='lat' dir='ltr'><strong>amore</strong></span> <span class='ocrx_word' id='word_1_124' title='bbox 411 1267 515 1324; x_wconf 82' lang='lat' dir='ltr'><strong>diriore</strong></span> <span class='ocrx_word' id='word_1_125' title='bbox 531 1267 713 1326; x_wconf 82' lang='lat' dir='ltr'><strong>tortitudinis</strong></span> <span class='ocrx_word' id='word_1_126' title='bbox 725 1281 900 1338; x_wconf 86' lang='lat' dir='ltr'><strong>permaneus</strong></span> <span class='ocrx_word' id='word_1_127' title='bbox 913 1265 957 1321; x_wconf 92' lang='lat' dir='ltr'><strong>in·</strong></span> <span class='ocrx_word' id='word_1_128' title='bbox 1010 1272 1097 1326; x_wconf 82' lang='lat' dir='ltr'><strong>tants</strong></span> <span class='ocrx_word' id='word_1_129' title='bbox 1109 1270 1239 1328; x_wconf 84' lang='lat' dir='ltr'><strong>audacis</strong></span> <span class='ocrx_word' id='word_1_130' title='bbox 1257 1272 1469 1345; x_wconf 79' lang='lat' dir='ltr'><strong>pronitudinem</strong></span> <span class='ocrx_word' id='word_1_131' title='bbox 1485 1293 1602 1350; x_wconf 89' lang='lat' dir='ltr'><strong>gerens,</strong></span> <span class='ocrx_word' id='word_1_132' title='bbox 1618 1280 1717 1353; x_wconf 85' lang='lat' dir='ltr'><strong>lugam</strong></span> <span class='ocrx_word' id='word_1_133' title='bbox 1740 1284 1835 1340; x_wconf 90' lang='lat' dir='ltr'><strong>obsti·</strong></span> 
     </span>
     <span class='ocr_line' id='line_1_13' title="bbox 130 1353 1836 1444; baseline 0.009 -31"><span class='ocrx_word' id='word_1_134' title='bbox 130 1356 266 1431; x_wconf 89' lang='lat' dir='ltr'><strong>trepidus</strong></span> <span class='ocrx_word' id='word_1_135' title='bbox 276 1356 589 1431; x_wconf 87' lang='lat' dir='ltr'><strong>hujusmalediotionis</strong></span> <span class='ocrx_word' id='word_1_136' title='bbox 600 1357 843 1430; x_wconf 71' lang='lat' dir='ltr'><strong>verbeSiansndo</strong></span> <span class='ocrx_word' id='word_1_137' title='bbox 855 1353 957 1413; x_wconf 89' lang='lat' dir='ltr'><strong>intulit</strong></span> <span class='ocrx_word' id='word_1_138' title='bbox 1011 1360 1077 1415; x_wconf 89' lang='lat' dir='ltr'><strong>nate</strong></span> <span class='ocrx_word' id='word_1_139' title='bbox 1087 1356 1198 1427; x_wconf 89' lang='lat' dir='ltr'><strong>iniit,ot</strong></span> <span class='ocrx_word' id='word_1_140' title='bbox 1208 1359 1238 1417; x_wconf 90' lang='lat' dir='ltr'><strong>in</strong></span> <span class='ocrx_word' id='word_1_141' title='bbox 1250 1361 1388 1434; x_wconf 82' lang='lat' dir='ltr'><strong>fugiendo</strong></span> <span class='ocrx_word' id='word_1_142' title='bbox 1398 1365 1551 1437; x_wconf 86' lang='lat' dir='ltr'><strong>repentino</strong></span> <span class='ocrx_word' id='word_1_143' title='bbox 1561 1366 1701 1438; x_wconf 85' lang='lat' dir='ltr'><strong>languore</strong></span> <span class='ocrx_word' id='word_1_144' title='bbox 1712 1388 1836 1444; x_wconf 88' lang='lat' dir='ltr'><strong>percus·</strong></span> 
     </span>
     <span class='ocr_line' id='line_1_14' title="bbox 131 1443 1834 1533; baseline 0.01 -30"><span class='ocrx_word' id='word_1_145' title='bbox 131 1446 269 1521; x_wconf 87' lang='lat' dir='ltr'><strong>episcopo</strong></span> <span class='ocrx_word' id='word_1_146' title='bbox 284 1462 292 1503; x_wconf 79' lang='lat' dir='ltr'><strong><em>z</em></strong></span> <span class='ocrx_word' id='word_1_147' title='bbox 309 1468 325 1499; x_wconf 82' lang='lat' dir='ltr'><strong>a</strong></span> <span class='ocrx_word' id='word_1_148' title='bbox 340 1447 396 1516; x_wconf 83' lang='lat' dir='ltr'><strong>Qui</strong></span> <span class='ocrx_word' id='word_1_149' title='bbox 420 1445 494 1504; x_wconf 78' lang='lat' dir='ltr'><strong>mibi</strong></span> <span class='ocrx_word' id='word_1_150' title='bbox 510 1448 656 1505; x_wconf 78' lang='lat' dir='ltr'><strong>mortifero</strong></span> <span class='ocrx_word' id='word_1_151' title='bbox 670 1446 778 1520; x_wconf 90' lang='lat' dir='ltr'><strong>gladio,</strong></span> <span class='ocrx_word' id='word_1_152' title='bbox 793 1443 954 1515; x_wconf 74' lang='lat' dir='ltr'><strong>sisnando,</strong></span> <span class='ocrx_word' id='word_1_153' title='bbox 1010 1462 1062 1502; x_wconf 90' lang='lat' dir='ltr'><strong>aus</strong></span> <span class='ocrx_word' id='word_1_154' title='bbox 1075 1456 1209 1505; x_wconf 87' lang='lat' dir='ltr'><strong>mortuus</strong></span> <span class='ocrx_word' id='word_1_155' title='bbox 1223 1453 1268 1505; x_wconf 88' lang='lat' dir='ltr'><strong>est</strong></span> <span class='ocrx_word' id='word_1_156' title='bbox 1282 1450 1358 1522; x_wconf 89' lang='lat' dir='ltr'><strong>apud</strong></span> <span class='ocrx_word' id='word_1_157' title='bbox 1373 1450 1480 1509; x_wconf 86' lang='lat' dir='ltr'><strong>listina</strong></span> <span class='ocrx_word' id='word_1_158' title='bbox 1494 1453 1612 1523; x_wconf 74' lang='lat' dir='ltr'><strong>celime,</strong></span> <span class='ocrx_word' id='word_1_159' title='bbox 1629 1457 1680 1515; x_wconf 89' lang='lat' dir='ltr'><strong>ubl</strong></span> <span class='ocrx_word' id='word_1_160' title='bbox 1698 1459 1834 1533; x_wconf 89' lang='lat' dir='ltr'><strong>sepultus</strong></span> 
     </span>
     <span class='ocr_line' id='line_1_15' title="bbox 132 1534 1835 1611; baseline 0.006 -15"><span class='ocrx_word' id='word_1_161' title='bbox 132 1537 268 1608; x_wconf 90' lang='lat' dir='ltr'><strong>minaris,</strong></span> <span class='ocrx_word' id='word_1_162' title='bbox 289 1536 437 1595; x_wconf 79' lang='lat' dir='ltr'><strong>mortifero</strong></span> <span class='ocrx_word' id='word_1_163' title='bbox 460 1536 555 1611; x_wconf 88' lang='lat' dir='ltr'><strong>gladio</strong></span> <span class='ocrx_word' id='word_1_164' title='bbox 574 1536 717 1596; x_wconf 86' lang='lat' dir='ltr'><strong>violenter</strong></span> <span class='ocrx_word' id='word_1_165' title='bbox 736 1534 923 1595; x_wconf 71' lang='lat' dir='ltr'><strong>confodiaris.</strong></span> <span class='ocrx_word' id='word_1_166' title='bbox 939 1556 955 1586; x_wconf 75' lang='lat' dir='ltr'><strong>a</strong></span> <span class='ocrx_word' id='word_1_167' title='bbox 1009 1535 1835 1607; x_wconf 85' lang='lat' dir='ltr'><strong>est,etanimamsuamsinuilislomethinielioitsrcom·</strong></span> 
     </span>
     <span class='ocr_line' id='line_1_16' title="bbox 133 1619 1879 1704; baseline 0.005 -18"><span class='ocrx_word' id='word_1_168' title='bbox 133 1627 281 1686; x_wconf 76' lang='lat' dir='ltr'><strong>sisnando</strong></span> <span class='ocrx_word' id='word_1_169' title='bbox 291 1627 455 1704; x_wconf 85' lang='lat' dir='ltr'><strong>deniquein</strong></span> <span class='ocrx_word' id='word_1_170' title='bbox 465 1626 628 1702; x_wconf 81' lang='lat' dir='ltr'><strong>pontificali</strong></span> <span class='ocrx_word' id='word_1_171' title='bbox 638 1626 778 1685; x_wconf 87' lang='lat' dir='ltr'><strong>cathedra</strong></span> <span class='ocrx_word' id='word_1_172' title='bbox 788 1624 956 1701; x_wconf 75' lang='lat' dir='ltr'><strong>tyrannidis</strong></span> <span class='ocrx_word' id='word_1_173' title='bbox 1011 1624 1169 1682; x_wconf 84' lang='lat' dir='ltr'><strong>mandavit.</strong></span> <span class='ocrx_word' id='word_1_174' title='bbox 1185 1629 1245 1684; x_wconf 83' lang='lat' dir='ltr'><strong>ilex</strong></span> <span class='ocrx_word' id='word_1_175' title='bbox 1260 1626 1352 1701; x_wconf 89' lang='lat' dir='ltr'><strong>igitur</strong></span> <span class='ocrx_word' id='word_1_176' title='bbox 1365 1631 1485 1701; x_wconf 87' lang='lat' dir='ltr'><strong>superni</strong></span> <span class='ocrx_word' id='word_1_177' title='bbox 1499 1634 1609 1691; x_wconf 86' lang='lat' dir='ltr'><strong>amoris</strong></span> <span class='ocrx_word' id='word_1_178' title='bbox 1624 1634 1746 1694; x_wconf 91' lang='lat' dir='ltr'><strong>stimulo</strong></span> <span class='ocrx_word' id='word_1_179' title='bbox 1756 1638 1835 1695; x_wconf 84' lang='lat' dir='ltr'><strong>exci-</strong></span> <span class='ocrx_word' id='word_1_180' title='bbox 1874 1619 1879 1628; x_wconf 48' lang='lat'>¹</span> 
     </span>
     <span class='ocr_line' id='line_1_17' title="bbox 133 1713 1836 1830; baseline 0.006 -53"><span class='ocrx_word' id='word_1_181' title='bbox 133 1721 277 1793; x_wconf 85' lang='lat' dir='ltr'><strong>potestate</strong></span> <span class='ocrx_word' id='word_1_182' title='bbox 287 1719 478 1791; x_wconf 89' lang='lat' dir='ltr'><strong>permanente</strong></span> <span class='ocrx_word' id='word_1_183' title='bbox 488 1715 692 1774; x_wconf 86' lang='lat' dir='ltr'><strong>Reodosindus</strong></span> <span class='ocrx_word' id='word_1_184' title='bbox 703 1713 955 1789; x_wconf 83' lang='lat' dir='ltr'><strong>prasentisexsilil</strong></span> <span class='ocrx_word' id='word_1_185' title='bbox 972 1718 1094 1830; x_wconf 82' lang='lat' dir='ltr'><strong>Btalus</strong></span> <span class='ocrx_word' id='word_1_186' title='bbox 1116 1715 1146 1773; x_wconf 93' lang='lat' dir='ltr'><strong>io</strong></span> <span class='ocrx_word' id='word_1_187' title='bbox 1163 1716 1239 1774; x_wconf 91' lang='lat' dir='ltr'><strong>bauo</strong></span> <span class='ocrx_word' id='word_1_188' title='bbox 1255 1719 1357 1776; x_wconf 89' lang='lat' dir='ltr'><strong>urbem</strong></span> <span class='ocrx_word' id='word_1_189' title='bbox 1373 1720 1490 1778; x_wconf 90' lang='lat' dir='ltr'><strong>curiosa</strong></span> <span class='ocrx_word' id='word_1_190' title='bbox 1513 1723 1676 1784; x_wconf 89' lang='lat' dir='ltr'><strong>intentione</strong></span> <span class='ocrx_word' id='word_1_191' title='bbox 1700 1728 1791 1799; x_wconf 88' lang='lat' dir='ltr'><strong>venit,</strong></span> <span class='ocrx_word' id='word_1_192' title='bbox 1807 1733 1836 1787; x_wconf 89' lang='lat' dir='ltr'><strong>st</strong></span> 
     </span>
     <span class='ocr_line' id='line_1_18' title="bbox 134 1801 1835 1888; baseline 0.007 -23"><span class='ocrx_word' id='word_1_193' title='bbox 134 1801 959 1879; x_wconf 74' lang='lat' dir='ltr'><strong>tumultusingressaemonasterinmuallanovaquasi</strong></span> <span class='ocrx_word' id='word_1_194' title='bbox 1012 1803 1835 1888; x_wconf 78' lang='lat' dir='ltr'><strong>buiusspostoiieeciesism,qaamdirutsminrenit,cum</strong></span> 
     </span>
     <span class='ocr_line' id='line_1_19' title="bbox 136 1894 1833 1978; baseline 0.004 -20"><span class='ocrx_word' id='word_1_195' title='bbox 136 1898 306 1972; x_wconf 87' lang='lat' dir='ltr'><strong>adportum</strong></span> <span class='ocrx_word' id='word_1_196' title='bbox 321 1894 554 1970; x_wconf 74' lang='lat' dir='ltr'><strong>tranquillitatis,</strong></span> <span class='ocrx_word' id='word_1_197' title='bbox 570 1894 878 1962; x_wconf 83' lang='lat' dir='ltr'><strong>Dominomiseranta,</strong></span> <span class='ocrx_word' id='word_1_198' title='bbox 893 1908 960 1967; x_wconf 87' lang='lat' dir='ltr'><strong>per·</strong></span> <span class='ocrx_word' id='word_1_199' title='bbox 1012 1895 1114 1952; x_wconf 93' lang='lat' dir='ltr'><strong>eodem</strong></span> <span class='ocrx_word' id='word_1_200' title='bbox 1139 1894 1277 1969; x_wconf 89' lang='lat' dir='ltr'><strong>episcopo</strong></span> <span class='ocrx_word' id='word_1_201' title='bbox 1305 1896 1425 1956; x_wconf 89' lang='lat' dir='ltr'><strong>domino</strong></span> <span class='ocrx_word' id='word_1_202' title='bbox 1453 1898 1549 1973; x_wconf 86' lang='lat' dir='ltr'><strong>Petro,</strong></span> <span class='ocrx_word' id='word_1_203' title='bbox 1574 1902 1633 1961; x_wconf 87' lang='lat' dir='ltr'><strong>Deo</strong></span> <span class='ocrx_word' id='word_1_204' title='bbox 1662 1906 1833 1978; x_wconf 74' lang='lat' dir='ltr'><strong>adiurante,</strong></span> 
     </span>
     <span class='ocr_line' id='line_1_20' title="bbox 135 1983 1833 2068; baseline 0.004 -22"><span class='ocrx_word' id='word_1_205' title='bbox 135 1988 225 2046; x_wconf 83' lang='lat' dir='ltr'><strong>venit.</strong></span> <span class='ocrx_word' id='word_1_206' title='bbox 237 1987 289 2044; x_wconf 86' lang='lat' dir='ltr'><strong>iiio</strong></span> <span class='ocrx_word' id='word_1_207' title='bbox 298 1986 371 2046; x_wconf 93' lang='lat' dir='ltr'><strong>obiit</strong></span> <span class='ocrx_word' id='word_1_208' title='bbox 381 1986 412 2043; x_wconf 93' lang='lat' dir='ltr'><strong>in</strong></span> <span class='ocrx_word' id='word_1_209' title='bbox 422 2002 480 2042; x_wconf 82' lang='lat' dir='ltr'><strong>ers</strong></span> <span class='ocrx_word' id='word_1_210' title='bbox 492 2003 512 2043; x_wconf 91' lang='lat'><strong>1.</strong></span> <span class='ocrx_word' id='word_1_211' title='bbox 522 2002 569 2044; x_wconf 83' lang='lat' dir='ltr'><strong>xv.</strong></span> <span class='ocrx_word' id='word_1_212' title='bbox 577 1985 708 2060; x_wconf 79' lang='lat' dir='ltr'><strong>Cumque</strong></span> <span class='ocrx_word' id='word_1_213' title='bbox 718 1985 913 2044; x_wconf 82' lang='lat' dir='ltr'><strong>Northmanni</strong></span> <span class='ocrx_word' id='word_1_214' title='bbox 923 1999 959 2042; x_wconf 86' lang='lat' dir='ltr'><strong>ex</strong></span> <span class='ocrx_word' id='word_1_215' title='bbox 1012 1983 1266 2060; x_wconf 77' lang='lat' dir='ltr'><strong>restauraritPopt</strong></span> <span class='ocrx_word' id='word_1_216' title='bbox 1272 1986 1516 2046; x_wconf 87' lang='lat' dir='ltr'><strong>restaurationem</strong></span> <span class='ocrx_word' id='word_1_217' title='bbox 1522 1996 1833 2068; x_wconf 78' lang='lat' dir='ltr'><strong>couseemtsequidern</strong></span> 
     </span>
     <span class='ocr_line' id='line_1_21' title="bbox 136 2072 1836 2152; baseline 0.006 -18"><span class='ocrx_word' id='word_1_218' title='bbox 136 2083 221 2151; x_wconf 86' lang='lat' dir='ltr'><strong>portu</strong></span> <span class='ocrx_word' id='word_1_219' title='bbox 237 2075 288 2151; x_wconf 86' lang='lat' dir='ltr'><strong>qui</strong></span> <span class='ocrx_word' id='word_1_220' title='bbox 301 2075 445 2134; x_wconf 76' lang='lat' dir='ltr'><strong>turcarias</strong></span> <span class='ocrx_word' id='word_1_221' title='bbox 458 2074 567 2133; x_wconf 90' lang='lat' dir='ltr'><strong>dicitur</strong></span> <span class='ocrx_word' id='word_1_222' title='bbox 580 2074 740 2145; x_wconf 82' lang='lat' dir='ltr'><strong>venientes,</strong></span> <span class='ocrx_word' id='word_1_223' title='bbox 753 2078 783 2132; x_wconf 90' lang='lat' dir='ltr'><strong>et</strong></span> <span class='ocrx_word' id='word_1_224' title='bbox 795 2073 881 2133; x_wconf 86' lang='lat' dir='ltr'><strong>Iliam</strong></span> <span class='ocrx_word' id='word_1_225' title='bbox 896 2079 959 2132; x_wconf 91' lang='lat' dir='ltr'><strong>ten·</strong></span> <span class='ocrx_word' id='word_1_226' title='bbox 1012 2073 1145 2144; x_wconf 87' lang='lat' dir='ltr'><strong>ecclesia,</strong></span> <span class='ocrx_word' id='word_1_227' title='bbox 1161 2072 1264 2133; x_wconf 84' lang='lat' dir='ltr'><strong>Petrus</strong></span> <span class='ocrx_word' id='word_1_228' title='bbox 1279 2074 1356 2134; x_wconf 91' lang='lat' dir='ltr'><strong>idem</strong></span> <span class='ocrx_word' id='word_1_229' title='bbox 1371 2077 1529 2152; x_wconf 88' lang='lat' dir='ltr'><strong>episcopus</strong></span> <span class='ocrx_word' id='word_1_230' title='bbox 1542 2081 1722 2141; x_wconf 85' lang='lat' dir='ltr'><strong>obdormivit</strong></span> <span class='ocrx_word' id='word_1_231' title='bbox 1736 2084 1767 2141; x_wconf 91' lang='lat' dir='ltr'><strong>in</strong></span> <span class='ocrx_word' id='word_1_232' title='bbox 1780 2085 1836 2144; x_wconf 87' lang='lat' dir='ltr'><strong>Do·</strong></span> 
     </span>
     <span class='ocr_line' id='line_1_22' title="bbox 135 2164 1106 2241; baseline -0.002 -17"><span class='ocrx_word' id='word_1_233' title='bbox 135 2167 249 2238; x_wconf 86' lang='lat' dir='ltr'><strong>dentes,</strong></span> <span class='ocrx_word' id='word_1_234' title='bbox 262 2165 694 2241; x_wconf 83' lang='lat' dir='ltr'><strong>pertesistasdeprsedarsutnr,</strong></span> <span class='ocrx_word' id='word_1_235' title='bbox 705 2166 781 2223; x_wconf 85' lang='lat' dir='ltr'><strong>idem</strong></span> <span class='ocrx_word' id='word_1_236' title='bbox 792 2164 959 2223; x_wconf 78' lang='lat' dir='ltr'><strong>sisnandus</strong></span> <span class='ocrx_word' id='word_1_237' title='bbox 1014 2165 1106 2223; x_wconf 85' lang='lat' dir='ltr'><strong>mino.</strong></span> 
     </span>
     <span class='ocr_line' id='line_1_23' title="bbox 134 2254 1834 2336; baseline 0.005 -21"><span class='ocrx_word' id='word_1_238' title='bbox 134 2257 283 2316; x_wconf 76' lang='lat' dir='ltr'><strong>scisitate</strong></span> <span class='ocrx_word' id='word_1_239' title='bbox 296 2255 375 2328; x_wconf 87' lang='lat' dir='ltr'><strong>exiit,</strong></span> <span class='ocrx_word' id='word_1_240' title='bbox 386 2259 415 2313; x_wconf 91' lang='lat' dir='ltr'><strong>et</strong></span> <span class='ocrx_word' id='word_1_241' title='bbox 429 2254 630 2324; x_wconf 81' lang='lat' dir='ltr'><strong>suiexeroitus</strong></span> <span class='ocrx_word' id='word_1_242' title='bbox 641 2256 744 2313; x_wconf 89' lang='lat' dir='ltr'><strong>robore</strong></span> <span class='ocrx_word' id='word_1_243' title='bbox 753 2254 959 2313; x_wconf 84' lang='lat' dir='ltr'><strong>circumvalla·</strong></span> <span class='ocrx_word' id='word_1_244' title='bbox 1045 2255 1074 2312; x_wconf 82' lang='lat' dir='ltr'><strong>e.</strong></span> <span class='ocrx_word' id='word_1_245' title='bbox 1090 2254 1172 2313; x_wconf 90' lang='lat' dir='ltr'><strong>Unde</strong></span> <span class='ocrx_word' id='word_1_246' title='bbox 1185 2254 1317 2330; x_wconf 74' lang='lat' dir='ltr'><strong>Pelagius</strong></span> <span class='ocrx_word' id='word_1_247' title='bbox 1332 2257 1434 2316; x_wconf 88' lang='lat' dir='ltr'><strong>Didsoi</strong></span> <span class='ocrx_word' id='word_1_248' title='bbox 1443 2260 1598 2332; x_wconf 88' lang='lat' dir='ltr'><strong>temporali</strong></span> <span class='ocrx_word' id='word_1_249' title='bbox 1613 2268 1756 2336; x_wconf 83' lang='lat' dir='ltr'><strong>potestate</strong></span> <span class='ocrx_word' id='word_1_250' title='bbox 1765 2266 1834 2324; x_wconf 90' lang='lat' dir='ltr'><strong>sub·</strong></span> 
     </span>
     <span class='ocr_line' id='line_1_24' title="bbox 134 2343 1836 2430; baseline 0.006 -25"><span class='ocrx_word' id='word_1_251' title='bbox 134 2355 183 2406; x_wconf 93' lang='lat' dir='ltr'><strong>lua</strong></span> <span class='ocrx_word' id='word_1_252' title='bbox 197 2347 227 2404; x_wconf 92' lang='lat' dir='ltr'><strong>in</strong></span> <span class='ocrx_word' id='word_1_253' title='bbox 241 2346 289 2405; x_wconf 92' lang='lat' dir='ltr'><strong>die</strong></span> <span class='ocrx_word' id='word_1_254' title='bbox 304 2345 461 2404; x_wconf 90' lang='lat' dir='ltr'><strong>mediantis</strong></span> <span class='ocrx_word' id='word_1_255' title='bbox 475 2344 719 2417; x_wconf 81' lang='lat' dir='ltr'><strong>Quadrogesimae,</strong></span> <span class='ocrx_word' id='word_1_256' title='bbox 730 2345 869 2420; x_wconf 87' lang='lat' dir='ltr'><strong>usquead</strong></span> <span class='ocrx_word' id='word_1_257' title='bbox 882 2361 959 2419; x_wconf 82' lang='lat' dir='ltr'><strong>prs·</strong></span> <span class='ocrx_word' id='word_1_258' title='bbox 1012 2343 1110 2414; x_wconf 86' lang='lat' dir='ltr'><strong>nixus,</strong></span> <span class='ocrx_word' id='word_1_259' title='bbox 1122 2344 1280 2418; x_wconf 87' lang='lat' dir='ltr'><strong>pastoralis</strong></span> <span class='ocrx_word' id='word_1_260' title='bbox 1289 2362 1367 2404; x_wconf 84' lang='lat' dir='ltr'><strong>nura</strong></span> <span class='ocrx_word' id='word_1_261' title='bbox 1375 2347 1547 2422; x_wconf 88' lang='lat' dir='ltr'><strong>dignitatem</strong></span> <span class='ocrx_word' id='word_1_262' title='bbox 1559 2357 1700 2424; x_wconf 90' lang='lat' dir='ltr'><strong>posteum</strong></span> <span class='ocrx_word' id='word_1_263' title='bbox 1712 2372 1836 2430; x_wconf 86' lang='lat' dir='ltr'><strong>usurpa·</strong></span> 
     </span>
     <span class='ocr_line' id='line_1_25' title="bbox 134 2432 1832 2512; baseline 0.005 -15"><span class='ocrx_word' id='word_1_264' title='bbox 134 2437 215 2497; x_wconf 92' lang='lat' dir='ltr'><strong>dium</strong></span> <span class='ocrx_word' id='word_1_265' title='bbox 232 2437 310 2512; x_wconf 85' lang='lat' dir='ltr'><strong>qnod</strong></span> <span class='ocrx_word' id='word_1_266' title='bbox 333 2435 440 2494; x_wconf 89' lang='lat' dir='ltr'><strong>dicitur</strong></span> <span class='ocrx_word' id='word_1_267' title='bbox 464 2435 625 2504; x_wconf 75' lang='lat' dir='ltr'><strong>vercellos,</strong></span> <span class='ocrx_word' id='word_1_268' title='bbox 640 2451 691 2492; x_wconf 91' lang='lat' dir='ltr'><strong>eos</strong></span> <span class='ocrx_word' id='word_1_269' title='bbox 713 2439 760 2492; x_wconf 89' lang='lat' dir='ltr'><strong>est</strong></span> <span class='ocrx_word' id='word_1_270' title='bbox 785 2434 957 2493; x_wconf 85' lang='lat' dir='ltr'><strong>insecutus:</strong></span> <span class='ocrx_word' id='word_1_271' title='bbox 1011 2432 1187 2506; x_wconf 77' lang='lat' dir='ltr'><strong>vitretquia</strong></span> <span class='ocrx_word' id='word_1_272' title='bbox 1197 2435 1252 2491; x_wconf 91' lang='lat' dir='ltr'><strong>sub</strong></span> <span class='ocrx_word' id='word_1_273' title='bbox 1263 2439 1352 2493; x_wconf 84' lang='lat' dir='ltr'><strong>tauta</strong></span> <span class='ocrx_word' id='word_1_274' title='bbox 1363 2438 1539 2510; x_wconf 80' lang='lat' dir='ltr'><strong>prolationis</strong></span> <span class='ocrx_word' id='word_1_275' title='bbox 1550 2442 1668 2501; x_wconf 88' lang='lat' dir='ltr'><strong>obtentu</strong></span> <span class='ocrx_word' id='word_1_276' title='bbox 1681 2445 1753 2502; x_wconf 83' lang='lat' dir='ltr'><strong>vitio</strong></span> <span class='ocrx_word' id='word_1_277' title='bbox 1766 2446 1832 2505; x_wconf 87' lang='lat' dir='ltr'><strong>eio-</strong></span> 
     </span>
     <span class='ocr_line' id='line_1_26' title="bbox 136 2522 1835 2609; baseline 0.005 -25"><span class='ocrx_word' id='word_1_278' title='bbox 136 2527 185 2585; x_wconf 92' lang='lat' dir='ltr'><strong>ubi</strong></span> <span class='ocrx_word' id='word_1_279' title='bbox 203 2541 332 2601; x_wconf 90' lang='lat' dir='ltr'><strong>pugnam</strong></span> <span class='ocrx_word' id='word_1_280' title='bbox 349 2523 550 2599; x_wconf 81' lang='lat' dir='ltr'><strong>aggressionis</strong></span> <span class='ocrx_word' id='word_1_281' title='bbox 563 2524 729 2582; x_wconf 82' lang='lat' dir='ltr'><strong>accerrima</strong></span> <span class='ocrx_word' id='word_1_282' title='bbox 744 2540 813 2582; x_wconf 89' lang='lat' dir='ltr'><strong>cum</strong></span> <span class='ocrx_word' id='word_1_283' title='bbox 828 2525 872 2582; x_wconf 92' lang='lat' dir='ltr'><strong>eia</strong></span> <span class='ocrx_word' id='word_1_284' title='bbox 882 2523 959 2582; x_wconf 85' lang='lat' dir='ltr'><strong>ioci·</strong></span> <span class='ocrx_word' id='word_1_285' title='bbox 1012 2522 1102 2581; x_wconf 90' lang='lat' dir='ltr'><strong>tionis</strong></span> <span class='ocrx_word' id='word_1_286' title='bbox 1110 2523 1262 2594; x_wconf 90' lang='lat' dir='ltr'><strong>intumuit,</strong></span> <span class='ocrx_word' id='word_1_287' title='bbox 1273 2524 1371 2583; x_wconf 83' lang='lat' dir='ltr'><strong>divino</strong></span> <span class='ocrx_word' id='word_1_288' title='bbox 1382 2525 1713 2604; x_wconf 84' lang='lat' dir='ltr'><strong>intervenientejudiolo</strong></span> <span class='ocrx_word' id='word_1_289' title='bbox 1725 2552 1742 2591; x_wconf 93' lang='lat' dir='ltr'><strong>e</strong></span> <span class='ocrx_word' id='word_1_290' title='bbox 1752 2535 1835 2609; x_wconf 86' lang='lat' dir='ltr'><strong>prin·</strong></span> 
     </span>
     <span class='ocr_line' id='line_1_27' title="bbox 134 2612 1834 2690; baseline 0.005 -16"><span class='ocrx_word' id='word_1_291' title='bbox 134 2617 229 2690; x_wconf 86' lang='lat' dir='ltr'><strong>piens,</strong></span> <span class='ocrx_word' id='word_1_292' title='bbox 239 2615 423 2674; x_wconf 74' lang='lat' dir='ltr'><strong>sanctissimi</strong></span> <span class='ocrx_word' id='word_1_293' title='bbox 436 2613 614 2672; x_wconf 85' lang='lat' dir='ltr'><strong>Recdesiodi</strong></span> <span class='ocrx_word' id='word_1_294' title='bbox 626 2612 840 2672; x_wconf 88' lang='lat' dir='ltr'><strong>maledictionis</strong></span> <span class='ocrx_word' id='word_1_295' title='bbox 850 2612 960 2687; x_wconf 84' lang='lat' dir='ltr'><strong>sagitta</strong></span> <span class='ocrx_word' id='word_1_296' title='bbox 1012 2613 1128 2686; x_wconf 86' lang='lat' dir='ltr'><strong>cipibus</strong></span> <span class='ocrx_word' id='word_1_297' title='bbox 1143 2620 1225 2671; x_wconf 85' lang='lat' dir='ltr'><strong>terra</strong></span> <span class='ocrx_word' id='word_1_298' title='bbox 1239 2614 1434 2686; x_wconf 89' lang='lat' dir='ltr'><strong>ignominiose</strong></span> <span class='ocrx_word' id='word_1_299' title='bbox 1449 2617 1582 2690; x_wconf 76' lang='lat' dir='ltr'><strong>abiectus</strong></span> <span class='ocrx_word' id='word_1_300' title='bbox 1598 2621 1663 2680; x_wconf 87' lang='lat' dir='ltr'><strong>iuit.</strong></span> <span class='ocrx_word' id='word_1_301' title='bbox 1675 2624 1729 2681; x_wconf 84' lang='lat' dir='ltr'><strong>cul</strong></span> <span class='ocrx_word' id='word_1_302' title='bbox 1744 2625 1834 2683; x_wconf 86' lang='lat' dir='ltr'><strong>irater</strong></span> 
     </span>
     <span class='ocr_line' id='line_1_28' title="bbox 136 2702 1832 2786; baseline 0.004 -23"><span class='ocrx_word' id='word_1_303' title='bbox 136 2721 295 2781; x_wconf 88' lang='lat' dir='ltr'><strong>percussus</strong></span> <span class='ocrx_word' id='word_1_304' title='bbox 321 2720 392 2762; x_wconf 87' lang='lat' dir='ltr'><strong>csso</strong></span> <span class='ocrx_word' id='word_1_305' title='bbox 414 2703 630 2763; x_wconf 88' lang='lat' dir='ltr'><strong>interveniente</strong></span> <span class='ocrx_word' id='word_1_306' title='bbox 649 2703 765 2762; x_wconf 88' lang='lat' dir='ltr'><strong>occisus</strong></span> <span class='ocrx_word' id='word_1_307' title='bbox 787 2707 833 2763; x_wconf 87' lang='lat' dir='ltr'><strong>est</strong></span> <span class='ocrx_word' id='word_1_308' title='bbox 854 2720 900 2761; x_wconf 82' lang='lat'>1111</span> <span class='ocrx_word' id='word_1_309' title='bbox 916 2704 960 2763; x_wconf 89' lang='lat' dir='ltr'><strong>til.</strong></span> <span class='ocrx_word' id='word_1_310' title='bbox 1012 2719 1085 2760; x_wconf 89' lang='lat' dir='ltr'><strong>suus</strong></span> <span class='ocrx_word' id='word_1_311' title='bbox 1101 2702 1216 2761; x_wconf 87' lang='lat' dir='ltr'><strong>vimara</strong></span> <span class='ocrx_word' id='word_1_312' title='bbox 1230 2703 1328 2762; x_wconf 81' lang='lat' dir='ltr'><strong>iiidsci</strong></span> <span class='ocrx_word' id='word_1_313' title='bbox 1342 2706 1504 2765; x_wconf 87' lang='lat' dir='ltr'><strong>succedens</strong></span> <span class='ocrx_word' id='word_1_314' title='bbox 1528 2710 1667 2781; x_wconf 88' lang='lat' dir='ltr'><strong>quoniam</strong></span> <span class='ocrx_word' id='word_1_315' title='bbox 1687 2714 1744 2770; x_wconf 90' lang='lat' dir='ltr'><strong>sub</strong></span> <span class='ocrx_word' id='word_1_316' title='bbox 1759 2730 1832 2786; x_wconf 83' lang='lat' dir='ltr'><strong>pru·</strong></span> 
     </span>
     <span class='ocr_line' id='line_1_29' title="bbox 135 2793 1833 2872; baseline 0.004 -18"><span class='ocrx_word' id='word_1_317' title='bbox 135 2795 256 2870; x_wconf 73' lang='lat' dir='ltr'><strong>aprilis,</strong></span> <span class='ocrx_word' id='word_1_318' title='bbox 270 2811 328 2852; x_wconf 75' lang='lat' dir='ltr'><strong>esra</strong></span> <span class='ocrx_word' id='word_1_319' title='bbox 349 2811 369 2850; x_wconf 89' lang='lat' dir='ltr'><strong>r.</strong></span> <span class='ocrx_word' id='word_1_320' title='bbox 393 2811 430 2850; x_wconf 85' lang='lat' dir='ltr'><strong>rr.</strong></span> <span class='ocrx_word' id='word_1_321' title='bbox 447 2794 515 2868; x_wconf 84' lang='grc'>(28).</span> <span class='ocrx_word' id='word_1_322' title='bbox 1012 2800 1090 2851; x_wconf 89' lang='lat' dir='ltr'><strong>textu</strong></span> <span class='ocrx_word' id='word_1_323' title='bbox 1104 2793 1254 2867; x_wconf 86' lang='lat' dir='ltr'><strong>religionis</strong></span> <span class='ocrx_word' id='word_1_324' title='bbox 1268 2810 1326 2851; x_wconf 93' lang='lat' dir='ltr'><strong>non</strong></span> <span class='ocrx_word' id='word_1_325' title='bbox 1341 2794 1410 2866; x_wconf 89' lang='lat' dir='ltr'><strong>Deo,</strong></span> <span class='ocrx_word' id='word_1_326' title='bbox 1426 2797 1476 2854; x_wconf 88' lang='lat' dir='ltr'><strong>sed</strong></span> <span class='ocrx_word' id='word_1_327' title='bbox 1492 2813 1551 2854; x_wconf 84' lang='lat' dir='ltr'><strong>sus</strong></span> <span class='ocrx_word' id='word_1_328' title='bbox 1572 2798 1672 2872; x_wconf 78' lang='lat' dir='ltr'><strong>gioria</strong></span> <span class='ocrx_word' id='word_1_329' title='bbox 1686 2802 1833 2860; x_wconf 85' lang='lat' dir='ltr'><strong>deservire</strong></span> 
     </span>
    </p>

    <p class='ocr_par' dir='ltr' id='par_1_3' title="bbox 135 2881 1840 3411">
     <span class='ocr_line' id='line_1_30' title="bbox 173 2881 1838 2959; baseline 0.005 -18"><span class='ocrx_word' id='word_1_330' title='bbox 173 2881 663 2956; x_wconf 79' lang='lat' dir='ltr'><strong>7.Pelagiusautemliliueoomitis</strong></span> <span class='ocrx_word' id='word_1_331' title='bbox 677 2882 813 2942; x_wconf 84' lang='lat' dir='ltr'><strong>liuderioi</strong></span> <span class='ocrx_word' id='word_1_332' title='bbox 820 2883 960 2959; x_wconf 84' lang='lat' dir='ltr'><strong>velasqui</strong></span> <span class='ocrx_word' id='word_1_333' title='bbox 1014 2882 1139 2953; x_wconf 86' lang='lat' dir='ltr'><strong>studuit,</strong></span> <span class='ocrx_word' id='word_1_334' title='bbox 1154 2883 1216 2940; x_wconf 88' lang='lat' dir='ltr'><strong>sive</strong></span> <span class='ocrx_word' id='word_1_335' title='bbox 1230 2900 1312 2952; x_wconf 74' lang='lat' dir='ltr'><strong>casm</strong></span> <span class='ocrx_word' id='word_1_336' title='bbox 1327 2885 1387 2941; x_wconf 84' lang='lat' dir='ltr'><strong>siue</strong></span> <span class='ocrx_word' id='word_1_337' title='bbox 1398 2886 1563 2959; x_wconf 91' lang='lat' dir='ltr'><strong>proditione</strong></span> <span class='ocrx_word' id='word_1_338' title='bbox 1573 2887 1603 2945; x_wconf 92' lang='lat' dir='ltr'><strong>in</strong></span> <span class='ocrx_word' id='word_1_339' title='bbox 1616 2888 1736 2947; x_wconf 87' lang='lat' dir='ltr'><strong>lluvium</strong></span> <span class='ocrx_word' id='word_1_340' title='bbox 1750 2892 1838 2950; x_wconf 89' lang='lat' dir='ltr'><strong>liinei</strong></span> 
     </span>
     <span class='ocr_line' id='line_1_31' title="bbox 138 2972 1838 3053; baseline 0.004 -20"><span class='ocrx_word' id='word_1_341' title='bbox 138 2980 170 3033; x_wconf 92' lang='lat' dir='ltr'><strong>et</strong></span> <span class='ocrx_word' id='word_1_342' title='bbox 193 2979 260 3049; x_wconf 89' lang='lat' dir='ltr'><strong>post</strong></span> <span class='ocrx_word' id='word_1_343' title='bbox 273 2974 451 3032; x_wconf 73' lang='lat' dir='ltr'><strong>sisnandum</strong></span> <span class='ocrx_word' id='word_1_344' title='bbox 471 2972 643 3048; x_wconf 87' lang='lat' dir='ltr'><strong>dignitatem</strong></span> <span class='ocrx_word' id='word_1_345' title='bbox 660 2973 751 3047; x_wconf 75' lang='lat' dir='ltr'><strong>hujus</strong></span> <span class='ocrx_word' id='word_1_346' title='bbox 771 2973 962 3048; x_wconf 80' lang='lat' dir='ltr'><strong>pontificatus</strong></span> <span class='ocrx_word' id='word_1_347' title='bbox 1014 2974 1161 3031; x_wconf 90' lang='lat' dir='ltr'><strong>dimersus</strong></span> <span class='ocrx_word' id='word_1_348' title='bbox 1176 2973 1332 3046; x_wconf 81' lang='lat' dir='ltr'><strong>estflujus</strong></span> <span class='ocrx_word' id='word_1_349' title='bbox 1346 2973 1445 3045; x_wconf 80' lang='lat' dir='ltr'><strong>itaque</strong></span> <span class='ocrx_word' id='word_1_350' title='bbox 1456 2975 1635 3036; x_wconf 89' lang='lat' dir='ltr'><strong>instruarius</strong></span> <span class='ocrx_word' id='word_1_351' title='bbox 1655 2979 1838 3053; x_wconf 80' lang='lat' dir='ltr'><strong>pontificales</strong></span> 
     </span>
     <span class='ocr_line' id='line_1_32' title="bbox 139 3063 1838 3143; baseline 0.002 -19"><span class='ocrx_word' id='word_1_352' title='bbox 139 3065 272 3124; x_wconf 80' lang='lat' dir='ltr'><strong>seculari</strong></span> <span class='ocrx_word' id='word_1_353' title='bbox 288 3065 420 3139; x_wconf 88' lang='lat' dir='ltr'><strong>potentie</strong></span> <span class='ocrx_word' id='word_1_354' title='bbox 434 3064 610 3138; x_wconf 87' lang='lat' dir='ltr'><strong>suscipiens,</strong></span> <span class='ocrx_word' id='word_1_355' title='bbox 627 3082 680 3123; x_wconf 90' lang='lat' dir='ltr'><strong>nec</strong></span> <span class='ocrx_word' id='word_1_356' title='bbox 694 3063 825 3140; x_wconf 87' lang='lat' dir='ltr'><strong>suscepti</strong></span> <span class='ocrx_word' id='word_1_357' title='bbox 840 3064 961 3124; x_wconf 85' lang='lat' dir='ltr'><strong>honoris</strong></span> <span class='ocrx_word' id='word_1_358' title='bbox 1014 3063 1179 3136; x_wconf 90' lang='lat' dir='ltr'><strong>suscipiens</strong></span> <span class='ocrx_word' id='word_1_359' title='bbox 1194 3063 1273 3121; x_wconf 83' lang='lat' dir='ltr'><strong>vices</strong></span> <span class='ocrx_word' id='word_1_360' title='bbox 1288 3064 1360 3122; x_wconf 88' lang='lat' dir='ltr'><strong>adso</strong></span> <span class='ocrx_word' id='word_1_361' title='bbox 1370 3065 1605 3126; x_wconf 82' lang='lat' dir='ltr'><strong>doctrinamvilae</strong></span> <span class='ocrx_word' id='word_1_362' title='bbox 1616 3074 1724 3126; x_wconf 84' lang='lat' dir='ltr'><strong>sancis</strong></span> <span class='ocrx_word' id='word_1_363' title='bbox 1740 3071 1838 3143; x_wconf 90' lang='lat' dir='ltr'><strong>pravis</strong></span> 
     </span>
     <span class='ocr_line' id='line_1_33' title="bbox 136 3139 1840 3232; baseline 0.002 -19"><span class='ocrx_word' id='word_1_364' title='bbox 136 3172 238 3213; x_wconf 91' lang='lat' dir='ltr'><strong>curam</strong></span> <span class='ocrx_word' id='word_1_365' title='bbox 251 3156 352 3230; x_wconf 87' lang='lat' dir='ltr'><strong>gessit,</strong></span> <span class='ocrx_word' id='word_1_366' title='bbox 361 3172 414 3212; x_wconf 89' lang='lat' dir='ltr'><strong>nec</strong></span> <span class='ocrx_word' id='word_1_367' title='bbox 428 3154 459 3212; x_wconf 90' lang='lat' dir='ltr'><strong>iu</strong></span> <span class='ocrx_word' id='word_1_368' title='bbox 470 3155 560 3228; x_wconf 87' lang='lat' dir='ltr'><strong>hujus</strong></span> <span class='ocrx_word' id='word_1_369' title='bbox 572 3155 812 3229; x_wconf 88' lang='lat' dir='ltr'><strong>peregrinationis</strong></span> <span class='ocrx_word' id='word_1_370' title='bbox 822 3156 897 3215; x_wconf 80' lang='lat' dir='ltr'><strong>valle</strong></span> <span class='ocrx_word' id='word_1_371' title='bbox 907 3173 959 3232; x_wconf 87' lang='lat' dir='ltr'><strong>por</strong></span> <span class='ocrx_word' id='word_1_372' title='bbox 973 3139 996 3205; x_wconf 78' lang='lat' dir='ltr'>c</span> <span class='ocrx_word' id='word_1_373' title='bbox 1016 3154 1146 3212; x_wconf 89' lang='lat' dir='ltr'><strong>moribus</strong></span> <span class='ocrx_word' id='word_1_374' title='bbox 1160 3153 1355 3226; x_wconf 83' lang='lat' dir='ltr'><strong>conculcavit,</strong></span> <span class='ocrx_word' id='word_1_375' title='bbox 1366 3156 1444 3229; x_wconf 86' lang='lat' dir='ltr'><strong>quod</strong></span> <span class='ocrx_word' id='word_1_376' title='bbox 1456 3157 1520 3214; x_wconf 85' lang='lat' dir='ltr'><strong>suis</strong></span> <span class='ocrx_word' id='word_1_377' title='bbox 1531 3157 1717 3230; x_wconf 84' lang='lat' dir='ltr'><strong>exigentibus</strong></span> <span class='ocrx_word' id='word_1_378' title='bbox 1727 3162 1840 3218; x_wconf 89' lang='lat' dir='ltr'><strong>meritis</strong></span> 
     </span>
     <span class='ocr_line' id='line_1_34' title="bbox 138 3243 1838 3326; baseline 0.005 -24"><span class='ocrx_word' id='word_1_379' title='bbox 138 3245 349 3304; x_wconf 82' lang='lat' dir='ltr'><strong>desideriorum</strong></span> <span class='ocrx_word' id='word_1_380' title='bbox 362 3244 660 3303; x_wconf 87' lang='lat' dir='ltr'><strong>cmisstiumlameuta</strong></span> <span class='ocrx_word' id='word_1_381' title='bbox 670 3262 724 3303; x_wconf 91' lang='lat' dir='ltr'><strong>auo</strong></span> <span class='ocrx_word' id='word_1_382' title='bbox 739 3248 961 3316; x_wconf 85' lang='lat' dir='ltr'><strong>secreatori‚ut</strong></span> <span class='ocrx_word' id='word_1_383' title='bbox 1014 3244 1164 3302; x_wconf 89' lang='lat' dir='ltr'><strong>adomiuo</strong></span> <span class='ocrx_word' id='word_1_384' title='bbox 1182 3245 1260 3318; x_wconf 84' lang='lat' dir='ltr'><strong>Rege</strong></span> <span class='ocrx_word' id='word_1_385' title='bbox 1274 3243 1436 3303; x_wconf 77' lang='lat' dir='ltr'><strong>veremudo</strong></span> <span class='ocrx_word' id='word_1_386' title='bbox 1453 3246 1483 3304; x_wconf 92' lang='lat' dir='ltr'><strong>iu</strong></span> <span class='ocrx_word' id='word_1_387' title='bbox 1500 3247 1625 3307; x_wconf 82' lang='lat' dir='ltr'><strong>vinculis</strong></span> <span class='ocrx_word' id='word_1_388' title='bbox 1640 3253 1838 3326; x_wconf 84' lang='lat' dir='ltr'><strong>mancipatus,</strong></span> 
     </span>
     <span class='ocr_line' id='line_1_35' title="bbox 135 3334 1622 3411; baseline 0.005 -19"><span class='ocrx_word' id='word_1_389' title='bbox 135 3336 266 3407; x_wconf 91' lang='lat' dir='ltr'><strong>deberet,</strong></span> <span class='ocrx_word' id='word_1_390' title='bbox 291 3334 459 3393; x_wconf 83' lang='lat' dir='ltr'><strong>humiliavit</strong></span> <span class='ocrx_word' id='word_1_391' title='bbox 482 3351 490 3393; x_wconf 75' lang='grc' dir='ltr'>ι</span> <span class='ocrx_word' id='word_1_392' title='bbox 516 3335 593 3394; x_wconf 92' lang='lat' dir='ltr'><strong>unde</strong></span> <span class='ocrx_word' id='word_1_393' title='bbox 621 3334 720 3394; x_wconf 85' lang='lat' dir='ltr'><strong>diuina</strong></span> <span class='ocrx_word' id='word_1_394' title='bbox 742 3337 960 3410; x_wconf 80' lang='lat' dir='ltr'><strong>dispensatione</strong></span> <span class='ocrx_word' id='word_1_395' title='bbox 1011 3334 1067 3392; x_wconf 90' lang='lat' dir='ltr'><strong>sub</strong></span> <span class='ocrx_word' id='word_1_396' title='bbox 1081 3351 1139 3392; x_wconf 84' lang='lat' dir='ltr'><strong>asra</strong></span> <span class='ocrx_word' id='word_1_397' title='bbox 1152 3335 1211 3409; x_wconf 88' lang='grc'>(30)</span> <span class='ocrx_word' id='word_1_398' title='bbox 1226 3336 1326 3393; x_wconf 91' lang='lat' dir='ltr'><strong>debita</strong></span> <span class='ocrx_word' id='word_1_399' title='bbox 1344 3340 1457 3395; x_wconf 84' lang='lat' dir='ltr'><strong>naturae</strong></span> <span class='ocrx_word' id='word_1_400' title='bbox 1471 3340 1622 3411; x_wconf 81' lang='lat' dir='ltr'><strong>persolvit.</strong></span> 
     </span>
    </p>

    <p class='ocr_par' dir='ltr' id='par_1_4' title="bbox 137 3423 1847 4756">
     <span class='ocr_line' id='line_1_36' title="bbox 138 3423 1838 3505; baseline 0.005 -21"><span class='ocrx_word' id='word_1_401' title='bbox 138 3425 298 3484; x_wconf 84' lang='lat' dir='ltr'><strong>Ecclesiam</strong></span> <span class='ocrx_word' id='word_1_402' title='bbox 322 3425 433 3498; x_wconf 82' lang='lat' dir='ltr'><strong>injuste</strong></span> <span class='ocrx_word' id='word_1_403' title='bbox 447 3425 484 3484; x_wconf 90' lang='lat' dir='ltr'><strong>ab</strong></span> <span class='ocrx_word' id='word_1_404' title='bbox 499 3440 533 3483; x_wconf 92' lang='lat' dir='ltr'><strong>eo</strong></span> <span class='ocrx_word' id='word_1_405' title='bbox 555 3424 667 3483; x_wconf 93' lang='lat' dir='ltr'><strong>diutius</strong></span> <span class='ocrx_word' id='word_1_406' title='bbox 682 3425 801 3485; x_wconf 88' lang='lat' dir='ltr'><strong>nolente</strong></span> <span class='ocrx_word' id='word_1_407' title='bbox 813 3425 960 3500; x_wconf 86' lang='lat' dir='ltr'><strong>occupari,</strong></span> <span class='ocrx_word' id='word_1_408' title='bbox 1051 3424 1095 3482; x_wconf 89' lang='grc'><strong>10.</strong></span> <span class='ocrx_word' id='word_1_409' title='bbox 1121 3423 1297 3482; x_wconf 83' lang='lat' dir='ltr'><strong>Gresconiua</strong></span> <span class='ocrx_word' id='word_1_410' title='bbox 1311 3424 1402 3499; x_wconf 86' lang='lat' dir='ltr'><strong>igitur</strong></span> <span class='ocrx_word' id='word_1_411' title='bbox 1416 3428 1601 3487; x_wconf 85' lang='lat' dir='ltr'><strong>nobilissimo</strong></span> <span class='ocrx_word' id='word_1_412' title='bbox 1624 3446 1730 3505; x_wconf 89' lang='lat' dir='ltr'><strong>genere</strong></span> <span class='ocrx_word' id='word_1_413' title='bbox 1744 3437 1838 3501; x_wconf 83' lang='lat' dir='ltr'><strong>ortus,</strong></span> 
     </span>
     <span class='ocr_line' id='line_1_37' title="bbox 138 3512 1841 3593; baseline 0.005 -20"><span class='ocrx_word' id='word_1_414' title='bbox 138 3533 157 3573; x_wconf 89' lang='lat' dir='ltr'><strong>a</strong></span> <span class='ocrx_word' id='word_1_415' title='bbox 173 3514 293 3573; x_wconf 91' lang='lat' dir='ltr'><strong>domino</strong></span> <span class='ocrx_word' id='word_1_416' title='bbox 307 3530 376 3590; x_wconf 88' lang='lat' dir='ltr'><strong>rege</strong></span> <span class='ocrx_word' id='word_1_417' title='bbox 394 3514 556 3573; x_wconf 86' lang='lat' dir='ltr'><strong>veremudo</strong></span> <span class='ocrx_word' id='word_1_418' title='bbox 571 3515 714 3590; x_wconf 89' lang='lat' dir='ltr'><strong>expulsus</strong></span> <span class='ocrx_word' id='word_1_419' title='bbox 727 3522 773 3574; x_wconf 85' lang='lat' dir='ltr'><strong>est</strong></span> <span class='ocrx_word' id='word_1_420' title='bbox 785 3517 853 3590; x_wconf 77' lang='grc'>(29)·</span> <span class='ocrx_word' id='word_1_421' title='bbox 1013 3512 1758 3593; x_wconf 83' lang='lat' dir='ltr'><strong>tautanobilitatisiampaderesplenduit,quodsus</strong></span> <span class='ocrx_word' id='word_1_422' title='bbox 1767 3523 1841 3582; x_wconf 89' lang='lat' dir='ltr'><strong>miii·</strong></span> 
     </span>
     <span class='ocr_line' id='line_1_38' title="bbox 168 3602 1842 3682; baseline 0.005 -21"><span class='ocrx_word' id='word_1_423' title='bbox 168 3603 961 3677; x_wconf 82' lang='lat' dir='ltr'><strong>8.incujusequidemhonoremPetrusdeidonsoutio,</strong></span> <span class='ocrx_word' id='word_1_424' title='bbox 1013 3602 1842 3682; x_wconf 83' lang='lat' dir='ltr'><strong>tiscircunspectsetrenuilatelvortbmsunos,quibano</strong></span> 
     </span>
     <span class='ocr_line' id='line_1_39' title="bbox 139 3691 1842 3768; baseline 0.002 -15"><span class='ocrx_word' id='word_1_425' title='bbox 139 3695 274 3753; x_wconf 80' lang='lat' dir='ltr'><strong>videlicet</strong></span> <span class='ocrx_word' id='word_1_426' title='bbox 287 3694 379 3752; x_wconf 87' lang='lat' dir='ltr'><strong>abbas</strong></span> <span class='ocrx_word' id='word_1_427' title='bbox 391 3694 427 3751; x_wconf 92' lang='lat' dir='ltr'><strong>de</strong></span> <span class='ocrx_word' id='word_1_428' title='bbox 442 3697 508 3751; x_wconf 87' lang='lat' dir='ltr'><strong>ante</strong></span> <span class='ocrx_word' id='word_1_429' title='bbox 521 3692 637 3764; x_wconf 88' lang='lat' dir='ltr'><strong>altaria,</strong></span> <span class='ocrx_word' id='word_1_430' title='bbox 653 3694 761 3753; x_wconf 81' lang='lat' dir='ltr'><strong>diuisas</strong></span> <span class='ocrx_word' id='word_1_431' title='bbox 774 3694 962 3768; x_wconf 83' lang='lat' dir='ltr'><strong>providentia</strong></span> <span class='ocrx_word' id='word_1_432' title='bbox 1013 3695 1124 3748; x_wconf 90' lang='lat' dir='ltr'><strong>terram</strong></span> <span class='ocrx_word' id='word_1_433' title='bbox 1149 3691 1327 3761; x_wconf 83' lang='lat' dir='ltr'><strong>invaserant,</strong></span> <span class='ocrx_word' id='word_1_434' title='bbox 1351 3692 1487 3750; x_wconf 90' lang='lat' dir='ltr'><strong>lunditns</strong></span> <span class='ocrx_word' id='word_1_435' title='bbox 1510 3695 1642 3767; x_wconf 85' lang='lat' dir='ltr'><strong>extinxit,</strong></span> <span class='ocrx_word' id='word_1_436' title='bbox 1667 3702 1697 3756; x_wconf 90' lang='lat' dir='ltr'><strong>et</strong></span> <span class='ocrx_word' id='word_1_437' title='bbox 1717 3700 1842 3757; x_wconf 85' lang='lat' dir='ltr'><strong>adiloia</strong></span> 
     </span>
     <span class='ocr_line' id='line_1_40' title="bbox 138 3781 1838 3859; baseline 0.004 -19"><span class='ocrx_word' id='word_1_438' title='bbox 138 3784 234 3859; x_wconf 88' lang='lat' dir='ltr'><strong>gralia</strong></span> <span class='ocrx_word' id='word_1_439' title='bbox 246 3785 478 3857; x_wconf 88' lang='lat' dir='ltr'><strong>subrogatus,ac</strong></span> <span class='ocrx_word' id='word_1_440' title='bbox 490 3781 618 3840; x_wconf 85' lang='lat' dir='ltr'><strong>districti</strong></span> <span class='ocrx_word' id='word_1_441' title='bbox 629 3782 885 3857; x_wconf 86' lang='lat' dir='ltr'><strong>examinispsvore</strong></span> <span class='ocrx_word' id='word_1_442' title='bbox 895 3799 961 3857; x_wconf 90' lang='lat' dir='ltr'><strong>per·</strong></span> <span class='ocrx_word' id='word_1_443' title='bbox 1016 3796 1167 3839; x_wconf 90' lang='lat' dir='ltr'><strong>murorum</strong></span> <span class='ocrx_word' id='word_1_444' title='bbox 1179 3783 1367 3857; x_wconf 86' lang='lat' dir='ltr'><strong>turriumque</strong></span> <span class='ocrx_word' id='word_1_445' title='bbox 1378 3782 1415 3839; x_wconf 90' lang='lat' dir='ltr'><strong>sd</strong></span> <span class='ocrx_word' id='word_1_446' title='bbox 1427 3784 1620 3843; x_wconf 90' lang='lat' dir='ltr'><strong>muniendam</strong></span> <span class='ocrx_word' id='word_1_447' title='bbox 1633 3787 1735 3845; x_wconf 87' lang='lat' dir='ltr'><strong>urbem</strong></span> <span class='ocrx_word' id='word_1_448' title='bbox 1751 3790 1838 3848; x_wconf 80' lang='lat' dir='ltr'><strong>Com·</strong></span> 
     </span>
     <span class='ocr_line' id='line_1_41' title="bbox 141 3869 1838 3946; baseline 0.002 -15"><span class='ocrx_word' id='word_1_449' title='bbox 141 3874 262 3931; x_wconf 84' lang='lat' dir='ltr'><strong>territus</strong></span> <span class='ocrx_word' id='word_1_450' title='bbox 277 3872 363 3945; x_wconf 74' lang='lat' dir='ltr'><strong>coepit</strong></span> <span class='ocrx_word' id='word_1_451' title='bbox 372 3870 502 3928; x_wconf 83' lang='lat' dir='ltr'><strong>maculas</strong></span> <span class='ocrx_word' id='word_1_452' title='bbox 514 3887 634 3929; x_wconf 87' lang='lat' dir='ltr'><strong>suarum</strong></span> <span class='ocrx_word' id='word_1_453' title='bbox 643 3871 774 3929; x_wconf 91' lang='lat' dir='ltr'><strong>sordium</strong></span> <span class='ocrx_word' id='word_1_454' title='bbox 786 3871 962 3945; x_wconf 72' lang='lat' dir='ltr'><strong>poenitentis</strong></span> <span class='ocrx_word' id='word_1_455' title='bbox 1015 3869 1145 3943; x_wconf 78' lang='lat' dir='ltr'><strong>postella</strong></span> <span class='ocrx_word' id='word_1_456' title='bbox 1153 3873 1326 3928; x_wconf 89' lang='lat' dir='ltr'><strong>construxit.</strong></span> <span class='ocrx_word' id='word_1_457' title='bbox 1336 3870 1470 3946; x_wconf 81' lang='lat' dir='ltr'><strong>Cumque</strong></span> <span class='ocrx_word' id='word_1_458' title='bbox 1477 3877 1542 3944; x_wconf 90' lang='lat' dir='ltr'><strong>post</strong></span> <span class='ocrx_word' id='word_1_459' title='bbox 1550 3878 1838 3935; x_wconf 89' lang='lat' dir='ltr'><strong>consummationem</strong></span> 
     </span>
     <span class='ocr_line' id='line_1_42' title="bbox 138 3958 1839 4039; baseline 0.002 -19"><span class='ocrx_word' id='word_1_460' title='bbox 138 3963 279 4022; x_wconf 89' lang='lat' dir='ltr'><strong>lamentis</strong></span> <span class='ocrx_word' id='word_1_461' title='bbox 294 3961 479 4020; x_wconf 84' lang='lat' dir='ltr'><strong>amarissime</strong></span> <span class='ocrx_word' id='word_1_462' title='bbox 498 3962 612 4034; x_wconf 88' lang='lat' dir='ltr'><strong>punire,</strong></span> <span class='ocrx_word' id='word_1_463' title='bbox 625 3965 654 4020; x_wconf 90' lang='lat' dir='ltr'><strong>et</strong></span> <span class='ocrx_word' id='word_1_464' title='bbox 668 3962 699 4019; x_wconf 92' lang='lat' dir='ltr'><strong>in</strong></span> <span class='ocrx_word' id='word_1_465' title='bbox 713 3961 773 4020; x_wconf 88' lang='lat' dir='ltr'><strong>ulta</strong></span> <span class='ocrx_word' id='word_1_466' title='bbox 784 3977 816 4019; x_wconf 89' lang='lat' dir='ltr'><strong>se</strong></span> <span class='ocrx_word' id='word_1_467' title='bbox 825 3962 875 4019; x_wconf 84' lang='lat' dir='ltr'><strong>Dei</strong></span> <span class='ocrx_word' id='word_1_468' title='bbox 890 3978 960 4020; x_wconf 90' lang='lat' dir='ltr'><strong>oon·</strong></span> <span class='ocrx_word' id='word_1_469' title='bbox 1015 3960 1105 4034; x_wconf 77' lang='lat' dir='ltr'><strong>bulas</strong></span> <span class='ocrx_word' id='word_1_470' title='bbox 1119 3958 1249 4019; x_wconf 84' lang='lat' dir='ltr'><strong>ecclesis</strong></span> <span class='ocrx_word' id='word_1_471' title='bbox 1263 3961 1376 4019; x_wconf 82' lang='lat' dir='ltr'><strong>Sancta</strong></span> <span class='ocrx_word' id='word_1_472' title='bbox 1391 3962 1499 4032; x_wconf 82' lang='lat' dir='ltr'><strong>ilaris,</strong></span> <span class='ocrx_word' id='word_1_473' title='bbox 1514 3979 1604 4037; x_wconf 88' lang='lat' dir='ltr'><strong>qnam</strong></span> <span class='ocrx_word' id='word_1_474' title='bbox 1616 3964 1690 4039; x_wconf 88' lang='lat' dir='ltr'><strong>ipse,</strong></span> <span class='ocrx_word' id='word_1_475' title='bbox 1701 3967 1760 4023; x_wconf 86' lang='lat' dir='ltr'><strong>Deo</strong></span> <span class='ocrx_word' id='word_1_476' title='bbox 1775 3969 1839 4039; x_wconf 92' lang='lat' dir='ltr'><strong>opi·</strong></span> 
     </span>
     <span class='ocr_line' id='line_1_43' title="bbox 137 4051 1839 4128; baseline 0.002 -18"><span class='ocrx_word' id='word_1_477' title='bbox 137 4053 327 4128; x_wconf 83' lang='lat' dir='ltr'><strong>temptatione</strong></span> <span class='ocrx_word' id='word_1_478' title='bbox 342 4053 465 4110; x_wconf 86' lang='lat' dir='ltr'><strong>elevare.</strong></span> <span class='ocrx_word' id='word_1_479' title='bbox 481 4053 575 4125; x_wconf 76' lang='lat' dir='ltr'><strong>Huius</strong></span> <span class='ocrx_word' id='word_1_480' title='bbox 590 4069 659 4127; x_wconf 91' lang='lat' dir='ltr'><strong>ergo</strong></span> <span class='ocrx_word' id='word_1_481' title='bbox 679 4053 834 4111; x_wconf 88' lang='lat' dir='ltr'><strong>sanctitate</strong></span> <span class='ocrx_word' id='word_1_482' title='bbox 848 4058 879 4110; x_wconf 92' lang='lat' dir='ltr'><strong>et</strong></span> <span class='ocrx_word' id='word_1_483' title='bbox 891 4052 962 4112; x_wconf 84' lang='lat' dir='ltr'><strong>reli·</strong></span> <span class='ocrx_word' id='word_1_484' title='bbox 1016 4051 1231 4121; x_wconf 65' lang='lat' dir='ltr'><strong>intentaverit,</strong></span> <span class='ocrx_word' id='word_1_485' title='bbox 1247 4052 1311 4124; x_wconf 81' lang='lat' dir='ltr'><strong>jam</strong></span> <span class='ocrx_word' id='word_1_486' title='bbox 1332 4053 1462 4112; x_wconf 85' lang='lat' dir='ltr'><strong>instante</strong></span> <span class='ocrx_word' id='word_1_487' title='bbox 1475 4055 1541 4128; x_wconf 83' lang='lat' dir='ltr'><strong>ejus</strong></span> <span class='ocrx_word' id='word_1_488' title='bbox 1565 4057 1632 4115; x_wconf 77' lang='lat' dir='ltr'><strong>vitm</strong></span> <span class='ocrx_word' id='word_1_489' title='bbox 1655 4057 1777 4116; x_wconf 86' lang='lat' dir='ltr'><strong>termino</strong></span> <span class='ocrx_word' id='word_1_490' title='bbox 1802 4058 1839 4116; x_wconf 93' lang='lat' dir='ltr'><strong>ad</strong></span> 
     </span>
     <span class='ocr_line' id='line_1_44' title="bbox 137 4140 1841 4220; baseline 0.002 -19"><span class='ocrx_word' id='word_1_491' title='bbox 137 4145 224 4220; x_wconf 89' lang='lat' dir='ltr'><strong>gioue</strong></span> <span class='ocrx_word' id='word_1_492' title='bbox 243 4144 382 4202; x_wconf 89' lang='lat' dir='ltr'><strong>dominus</strong></span> <span class='ocrx_word' id='word_1_493' title='bbox 407 4160 457 4202; x_wconf 85' lang='lat' dir='ltr'><strong>rex</strong></span> <span class='ocrx_word' id='word_1_494' title='bbox 482 4146 676 4216; x_wconf 79' lang='lat' dir='ltr'><strong>veremudus,</strong></span> <span class='ocrx_word' id='word_1_495' title='bbox 702 4144 822 4218; x_wconf 87' lang='lat' dir='ltr'><strong>superni</strong></span> <span class='ocrx_word' id='word_1_496' title='bbox 846 4143 963 4202; x_wconf 88' lang='lat' dir='ltr'><strong>timoris</strong></span> <span class='ocrx_word' id='word_1_497' title='bbox 1016 4140 1169 4199; x_wconf 90' lang='lat' dir='ltr'><strong>castellnm</strong></span> <span class='ocrx_word' id='word_1_498' title='bbox 1185 4140 1438 4215; x_wconf 74' lang='lat' dir='ltr'><strong>doceatquodac</strong></span> <span class='ocrx_word' id='word_1_499' title='bbox 1455 4145 1841 4207; x_wconf 76' lang='lat' dir='ltr'><strong>detensionerniihriatieni·</strong></span> 
     </span>
     <span class='ocr_line' id='line_1_45' title="bbox 139 4231 1843 4307; baseline 0.002 -15"><span class='ocrx_word' id='word_1_500' title='bbox 139 4233 963 4307; x_wconf 83' lang='lat' dir='ltr'><strong>amorcinlerreniente,compunctus,quidquidiicclcsia</strong></span> <span class='ocrx_word' id='word_1_501' title='bbox 1015 4231 1085 4292; x_wconf 89' lang='lat' dir='ltr'><strong>talis</strong></span> <span class='ocrx_word' id='word_1_502' title='bbox 1111 4236 1326 4301; x_wconf 87' lang='lat' dir='ltr'><strong>construxerat,</strong></span> <span class='ocrx_word' id='word_1_503' title='bbox 1351 4233 1525 4305; x_wconf 84' lang='lat' dir='ltr'><strong>perveniret,</strong></span> <span class='ocrx_word' id='word_1_504' title='bbox 1542 4234 1572 4292; x_wconf 92' lang='lat' dir='ltr'><strong>in</strong></span> <span class='ocrx_word' id='word_1_505' title='bbox 1587 4235 1652 4293; x_wconf 80' lang='lat' dir='ltr'><strong>AEra</strong></span> <span class='ocrx_word' id='word_1_506' title='bbox 1670 4254 1691 4295; x_wconf 87' lang='grc' dir='ltr'><strong>ι.</strong></span> <span class='ocrx_word' id='word_1_507' title='bbox 1707 4254 1763 4296; x_wconf 83' lang='lat' dir='ltr'><strong>cvr.</strong></span> <span class='ocrx_word' id='word_1_508' title='bbox 1779 4253 1843 4295; x_wconf 90' lang='lat' dir='ltr'><strong>me·</strong></span> 
     </span>
     <span class='ocr_line' id='line_1_46' title="bbox 139 4318 1625 4396; baseline 0.001 -16"><span class='ocrx_word' id='word_1_509' title='bbox 139 4322 216 4380; x_wconf 90' lang='lat' dir='ltr'><strong>baeti</strong></span> <span class='ocrx_word' id='word_1_510' title='bbox 226 4323 325 4381; x_wconf 87' lang='lat' dir='ltr'><strong>tacobi</strong></span> <span class='ocrx_word' id='word_1_511' title='bbox 340 4322 664 4396; x_wconf 87' lang='lat' dir='ltr'><strong>temporibusomoinm</strong></span> <span class='ocrx_word' id='word_1_512' title='bbox 676 4322 879 4395; x_wconf 89' lang='lat' dir='ltr'><strong>episcoporum</strong></span> <span class='ocrx_word' id='word_1_513' title='bbox 891 4321 963 4379; x_wconf 86' lang='lat' dir='ltr'><strong>ami·</strong></span> <span class='ocrx_word' id='word_1_514' title='bbox 1016 4319 1133 4377; x_wconf 83' lang='lat' dir='ltr'><strong>tuendas</strong></span> <span class='ocrx_word' id='word_1_515' title='bbox 1148 4319 1254 4377; x_wconf 87' lang='lat' dir='ltr'><strong>mortis</strong></span> <span class='ocrx_word' id='word_1_516' title='bbox 1269 4318 1391 4379; x_wconf 88' lang='lat' dir='ltr'><strong>incursu</strong></span> <span class='ocrx_word' id='word_1_517' title='bbox 1407 4320 1554 4395; x_wconf 90' lang='lat' dir='ltr'><strong>impulsus</strong></span> <span class='ocrx_word' id='word_1_518' title='bbox 1569 4328 1625 4383; x_wconf 89' lang='lat' dir='ltr'><strong>est.</strong></span> 
     </span>
     <span class='ocr_line' id='line_1_47' title="bbox 137 4405 1843 4488; baseline 0.002 -19"><span class='ocrx_word' id='word_1_519' title='bbox 137 4416 225 4484; x_wconf 90' lang='lat' dir='ltr'><strong>serat,</strong></span> <span class='ocrx_word' id='word_1_520' title='bbox 249 4412 317 4470; x_wconf 86' lang='lat' dir='ltr'><strong>lsuio</strong></span> <span class='ocrx_word' id='word_1_521' title='bbox 333 4411 579 4469; x_wconf 82' lang='lat' dir='ltr'><strong>reverendissimo</strong></span> <span class='ocrx_word' id='word_1_522' title='bbox 605 4412 665 4469; x_wconf 83' lang='lat' dir='ltr'><strong>siro</strong></span> <span class='ocrx_word' id='word_1_523' title='bbox 680 4411 800 4468; x_wconf 92' lang='lat' dir='ltr'><strong>omnino</strong></span> <span class='ocrx_word' id='word_1_524' title='bbox 825 4413 962 4485; x_wconf 81' lang='lat' dir='ltr'><strong>pracepit</strong></span> <span class='ocrx_word' id='word_1_525' title='bbox 1051 4405 1095 4466; x_wconf 89' lang='lat' dir='ltr'><strong>li.</strong></span> <span class='ocrx_word' id='word_1_526' title='bbox 1110 4406 1272 4465; x_wconf 82' lang='lat' dir='ltr'><strong>Gudesteus</strong></span> <span class='ocrx_word' id='word_1_527' title='bbox 1282 4407 1373 4481; x_wconf 89' lang='lat' dir='ltr'><strong>igitur</strong></span> <span class='ocrx_word' id='word_1_528' title='bbox 1388 4423 1478 4482; x_wconf 89' lang='lat' dir='ltr'><strong>nepos</strong></span> <span class='ocrx_word' id='word_1_529' title='bbox 1489 4410 1554 4482; x_wconf 76' lang='lat' dir='ltr'><strong>elus</strong></span> <span class='ocrx_word' id='word_1_530' title='bbox 1567 4416 1634 4485; x_wconf 90' lang='lat' dir='ltr'><strong>post</strong></span> <span class='ocrx_word' id='word_1_531' title='bbox 1643 4413 1757 4471; x_wconf 90' lang='lat' dir='ltr'><strong>eumad</strong></span> <span class='ocrx_word' id='word_1_532' title='bbox 1769 4430 1843 4488; x_wconf 94' lang='lat' dir='ltr'><strong>pon·</strong></span> 
     </span>
     <span class='ocr_line' id='line_1_48' title="bbox 137 4495 1841 4578; baseline 0.001 -19"><span class='ocrx_word' id='word_1_533' title='bbox 137 4502 266 4563; x_wconf 87' lang='lat' dir='ltr'><strong>restitui.</strong></span> <span class='ocrx_word' id='word_1_534' title='bbox 278 4501 707 4576; x_wconf 74' lang='lat' dir='ltr'><strong>lotercaitudsriousveiuscni</strong></span> <span class='ocrx_word' id='word_1_535' title='bbox 726 4507 755 4559; x_wconf 89' lang='lat' dir='ltr'><strong>et</strong></span> <span class='ocrx_word' id='word_1_536' title='bbox 765 4501 963 4575; x_wconf 78' lang='lat' dir='ltr'><strong>psterpralati</strong></span> <span class='ocrx_word' id='word_1_537' title='bbox 979 4509 1004 4577; x_wconf 65' lang='grc' dir='ltr'><strong>Ι)</strong></span> <span class='ocrx_word' id='word_1_538' title='bbox 1020 4495 1149 4554; x_wconf 90' lang='lat' dir='ltr'><strong>tiilcatus</strong></span> <span class='ocrx_word' id='word_1_539' title='bbox 1163 4495 1273 4569; x_wconf 84' lang='lat' dir='ltr'><strong>apicem</strong></span> <span class='ocrx_word' id='word_1_540' title='bbox 1289 4501 1446 4570; x_wconf 83' lang='lat' dir='ltr'><strong>provectus</strong></span> <span class='ocrx_word' id='word_1_541' title='bbox 1460 4500 1600 4573; x_wconf 89' lang='lat' dir='ltr'><strong>quoniam</strong></span> <span class='ocrx_word' id='word_1_542' title='bbox 1613 4503 1700 4574; x_wconf 76' lang='lat' dir='ltr'><strong>Juxta</strong></span> <span class='ocrx_word' id='word_1_543' title='bbox 1716 4504 1841 4578; x_wconf 88' lang='lat' dir='ltr'><strong>rigorem</strong></span> 
     </span>
     <span class='ocr_line' id='line_1_49' title="bbox 137 4585 1845 4668; baseline 0.003 -19"><span class='ocrx_word' id='word_1_544' title='bbox 137 4592 268 4666; x_wconf 88' lang='lat' dir='ltr'><strong>episcopi</strong></span> <span class='ocrx_word' id='word_1_545' title='bbox 283 4608 352 4649; x_wconf 90' lang='lat' dir='ltr'><strong>cnm</strong></span> <span class='ocrx_word' id='word_1_546' title='bbox 368 4592 480 4650; x_wconf 80' lang='lat' dir='ltr'><strong>craterio</strong></span> <span class='ocrx_word' id='word_1_547' title='bbox 495 4591 667 4649; x_wconf 86' lang='lat' dir='ltr'><strong>consulibus</strong></span> <span class='ocrx_word' id='word_1_548' title='bbox 681 4601 761 4649; x_wconf 84' lang='lat' dir='ltr'><strong>terra</strong></span> <span class='ocrx_word' id='word_1_549' title='bbox 776 4591 868 4664; x_wconf 74' lang='lat' dir='ltr'><strong>buius</strong></span> <span class='ocrx_word' id='word_1_550' title='bbox 880 4595 965 4651; x_wconf 79' lang='lat' dir='ltr'><strong>Sars·</strong></span> <span class='ocrx_word' id='word_1_551' title='bbox 1019 4585 1245 4659; x_wconf 73' lang='lat' dir='ltr'><strong>predecessoris</strong></span> <span class='ocrx_word' id='word_1_552' title='bbox 1261 4586 1307 4643; x_wconf 88' lang='lat' dir='ltr'><strong>eui</strong></span> <span class='ocrx_word' id='word_1_553' title='bbox 1319 4587 1478 4661; x_wconf 88' lang='lat' dir='ltr'><strong>dignitates</strong></span> <span class='ocrx_word' id='word_1_554' title='bbox 1491 4595 1520 4647; x_wconf 88' lang='lat' dir='ltr'><strong>et</strong></span> <span class='ocrx_word' id='word_1_555' title='bbox 1535 4591 1662 4650; x_wconf 88' lang='lat' dir='ltr'><strong>bonores</strong></span> <span class='ocrx_word' id='word_1_556' title='bbox 1672 4593 1845 4668; x_wconf 79' lang='lat' dir='ltr'><strong>hujusapo-</strong></span> 
     </span>
     <span class='ocr_line' id='line_1_50' title="bbox 138 4674 1847 4756; baseline 0.002 -18"><span class='ocrx_word' id='word_1_557' title='bbox 138 4696 227 4739; x_wconf 91' lang='lat' dir='ltr'><strong>cenos</strong></span> <span class='ocrx_word' id='word_1_558' title='bbox 248 4696 315 4738; x_wconf 91' lang='lat' dir='ltr'><strong>cum</strong></span> <span class='ocrx_word' id='word_1_559' title='bbox 341 4680 416 4738; x_wconf 88' lang='lat' dir='ltr'><strong>duoe</strong></span> <span class='ocrx_word' id='word_1_560' title='bbox 436 4696 538 4738; x_wconf 88' lang='lat' dir='ltr'><strong>eorum</strong></span> <span class='ocrx_word' id='word_1_561' title='bbox 562 4680 695 4737; x_wconf 80' lang='lat' dir='ltr'><strong>Aimesor</strong></span> <span class='ocrx_word' id='word_1_562' title='bbox 710 4680 740 4737; x_wconf 92' lang='lat' dir='ltr'><strong>in</strong></span> <span class='ocrx_word' id='word_1_563' title='bbox 766 4682 865 4753; x_wconf 88' lang='lat' dir='ltr'><strong>partes</strong></span> <span class='ocrx_word' id='word_1_564' title='bbox 890 4680 964 4739; x_wconf 88' lang='lat' dir='ltr'><strong>istas</strong></span> <span class='ocrx_word' id='word_1_565' title='bbox 1020 4674 1323 4734; x_wconf 81' lang='lat' dir='ltr'><strong>stolicseoclesisad</strong></span> <span class='ocrx_word' id='word_1_566' title='bbox 1338 4682 1448 4736; x_wconf 89' lang='lat' dir='ltr'><strong>alatum</strong></span> <span class='ocrx_word' id='word_1_567' title='bbox 1473 4681 1659 4740; x_wconf 87' lang='lat' dir='ltr'><strong>rectitudinis</strong></span> <span class='ocrx_word' id='word_1_568' title='bbox 1675 4700 1847 4756; x_wconf 89' lang='lat' dir='ltr'><strong>promouere</strong></span> 
     </span>
    </p>
   </div>
   <div class='ocr_carea' id='block_1_3' title="bbox 138 4765 1968 4846">
    <p class='ocr_par' dir='ltr' id='par_1_5' title="bbox 138 4765 1968 4846">
     <span class='ocr_line' id='line_1_51' title="bbox 138 4765 1968 4846; baseline 0 -17"><span class='ocrx_word' id='word_1_569' title='bbox 138 4770 963 4846; x_wconf 77' lang='lat' dir='ltr'><strong>duxit.QuiComposteilamvenientesmajorempartem</strong></span> <span class='ocrx_word' id='word_1_570' title='bbox 1020 4765 1848 4836; x_wconf 74' lang='lat' dir='ltr'><strong>voluit;intereamctavnnontnmanomrornitamsroi·</strong></span> <span class='ocrx_word' id='word_1_571' title='bbox 1967 4803 1968 4806; x_wconf 61' lang='lat'><em>=</em></span> 
     </span>
    </p>
   </div>
   <div class='ocr_carea' id='block_1_4' title="bbox 136 4853 1848 5114">
    <p class='ocr_par' dir='ltr' id='par_1_6' title="bbox 136 4853 1848 5114">
     <span class='ocr_line' id='line_1_52' title="bbox 136 4853 1844 4934; baseline 0.001 -16"><span class='ocrx_word' id='word_1_572' title='bbox 136 4860 283 4932; x_wconf 89' lang='lat' dir='ltr'><strong>parietum</strong></span> <span class='ocrx_word' id='word_1_573' title='bbox 298 4859 379 4917; x_wconf 79' lang='lat' dir='ltr'><strong>flesti</strong></span> <span class='ocrx_word' id='word_1_574' title='bbox 388 4860 492 4918; x_wconf 78' lang='lat' dir='ltr'><strong>iacobi</strong></span> <span class='ocrx_word' id='word_1_575' title='bbox 505 4858 637 4919; x_wconf 80' lang='lat' dir='ltr'><strong>ecclesia</strong></span> <span class='ocrx_word' id='word_1_576' title='bbox 645 4865 751 4934; x_wconf 80' lang='lat' dir='ltr'><strong>prester</strong></span> <span class='ocrx_word' id='word_1_577' title='bbox 761 4860 826 4933; x_wconf 76' lang='lat' dir='ltr'><strong>elus</strong></span> <span class='ocrx_word' id='word_1_578' title='bbox 836 4861 965 4919; x_wconf 91' lang='lat' dir='ltr'><strong>sanctis·</strong></span> <span class='ocrx_word' id='word_1_579' title='bbox 1018 4853 1079 4912; x_wconf 73' lang='lat' dir='ltr'><strong>ism</strong></span> <span class='ocrx_word' id='word_1_580' title='bbox 1086 4853 1844 4920; x_wconf 73' lang='lat' dir='ltr'><strong>multsdissensionumcontlouauntauoortauam</strong></span> 
     </span>
     <span class='ocr_line' id='line_1_53' title="bbox 138 4945 1842 5024; baseline 0.001 -17"><span class='ocrx_word' id='word_1_581' title='bbox 138 4947 249 5008; x_wconf 88' lang='lat' dir='ltr'><strong>simum</strong></span> <span class='ocrx_word' id='word_1_582' title='bbox 264 4947 357 5008; x_wconf 88' lang='lat' dir='ltr'><strong>altare</strong></span> <span class='ocrx_word' id='word_1_583' title='bbox 370 4950 490 5024; x_wconf 87' lang='lat' dir='ltr'><strong>penitus</strong></span> <span class='ocrx_word' id='word_1_584' title='bbox 498 4951 715 5008; x_wconf 85' lang='lat' dir='ltr'><strong>destruxerunt.</strong></span> <span class='ocrx_word' id='word_1_585' title='bbox 726 4948 819 5022; x_wconf 88' lang='lat' dir='ltr'><strong>igitur</strong></span> <span class='ocrx_word' id='word_1_586' title='bbox 827 4949 965 5008; x_wconf 90' lang='lat' dir='ltr'><strong>beatissi·</strong></span> <span class='ocrx_word' id='word_1_587' title='bbox 1020 4949 1122 5003; x_wconf 91' lang='lat' dir='ltr'><strong>autem</strong></span> <span class='ocrx_word' id='word_1_588' title='bbox 1134 4945 1222 5003; x_wconf 93' lang='lat' dir='ltr'><strong>modo</strong></span> <span class='ocrx_word' id='word_1_589' title='bbox 1232 4946 1403 5018; x_wconf 82' lang='lat' dir='ltr'><strong>concordes,</strong></span> <span class='ocrx_word' id='word_1_590' title='bbox 1412 4949 1500 5008; x_wconf 92' lang='lat' dir='ltr'><strong>modo</strong></span> <span class='ocrx_word' id='word_1_591' title='bbox 1509 4949 1658 5010; x_wconf 89' lang='lat' dir='ltr'><strong>discordes</strong></span> <span class='ocrx_word' id='word_1_592' title='bbox 1670 4951 1842 5011; x_wconf 84' lang='lat' dir='ltr'><strong>adinvicem</strong></span> 
     </span>
     <span class='ocr_line' id='line_1_54' title="bbox 139 5038 1848 5114; baseline 0.002 -19"><span class='ocrx_word' id='word_1_593' title='bbox 139 5054 207 5096; x_wconf 90' lang='lat' dir='ltr'><strong>mus</strong></span> <span class='ocrx_word' id='word_1_594' title='bbox 220 5041 346 5099; x_wconf 80' lang='lat' dir='ltr'><strong>lacobus</strong></span> <span class='ocrx_word' id='word_1_595' title='bbox 361 5038 462 5099; x_wconf 87' lang='lat' dir='ltr'><strong>rolens</strong></span> <span class='ocrx_word' id='word_1_596' title='bbox 482 5055 519 5098; x_wconf 88' lang='lat' dir='ltr'><strong>us</strong></span> <span class='ocrx_word' id='word_1_597' title='bbox 533 5040 570 5098; x_wconf 91' lang='lat' dir='ltr'><strong>ab</strong></span> <span class='ocrx_word' id='word_1_598' title='bbox 585 5038 709 5099; x_wconf 88' lang='lat' dir='ltr'><strong>ecelesia</strong></span> <span class='ocrx_word' id='word_1_599' title='bbox 722 5055 789 5110; x_wconf 91' lang='lat' dir='ltr'><strong>sua,</strong></span> <span class='ocrx_word' id='word_1_600' title='bbox 805 5056 893 5114; x_wconf 86' lang='lat' dir='ltr'><strong>quam</strong></span> <span class='ocrx_word' id='word_1_601' title='bbox 908 5038 965 5113; x_wconf 88' lang='lat' dir='ltr'><strong>ipsi</strong></span> <span class='ocrx_word' id='word_1_602' title='bbox 1019 5049 1085 5094; x_wconf 82' lang='lat' dir='ltr'><strong>csse</strong></span> <span class='ocrx_word' id='word_1_603' title='bbox 1095 5038 1334 5108; x_wconf 87' lang='lat' dir='ltr'><strong>consuescerent,</strong></span> <span class='ocrx_word' id='word_1_604' title='bbox 1345 5038 1475 5110; x_wconf 89' lang='lat' dir='ltr'><strong>quadam</strong></span> <span class='ocrx_word' id='word_1_605' title='bbox 1490 5039 1617 5111; x_wconf 83' lang='lat' dir='ltr'><strong>dicrum,</strong></span> <span class='ocrx_word' id='word_1_606' title='bbox 1632 5056 1703 5113; x_wconf 88' lang='lat' dir='ltr'><strong>pace</strong></span> <span class='ocrx_word' id='word_1_607' title='bbox 1714 5039 1848 5098; x_wconf 83' lang='lat' dir='ltr'><strong>intereos</strong></span> 
     </span>
    </p>
   </div>
   <div class='ocr_carea' id='block_1_5' title="bbox 137 5121 1967 5207">
    <p class='ocr_par' dir='ltr' id='par_1_7' title="bbox 137 5121 1967 5207">
     <span class='ocr_line' id='line_1_55' title="bbox 137 5121 1967 5207; baseline 0.003 -19"><span class='ocrx_word' id='word_1_608' title='bbox 137 5133 226 5190; x_wconf 67' lang='lat' dir='ltr'><strong>unta</strong></span> <span class='ocrx_word' id='word_1_609' title='bbox 238 5131 385 5207; x_wconf 81' lang='lat' dir='ltr'><strong>superbia</strong></span> <span class='ocrx_word' id='word_1_610' title='bbox 399 5130 478 5190; x_wconf 84' lang='lat' dir='ltr'><strong>caios</strong></span> <span class='ocrx_word' id='word_1_611' title='bbox 490 5139 710 5205; x_wconf 87' lang='lat' dir='ltr'><strong>oppresserant,</strong></span> <span class='ocrx_word' id='word_1_612' title='bbox 724 5130 847 5206; x_wconf 90' lang='lat' dir='ltr'><strong>impune</strong></span> <span class='ocrx_word' id='word_1_613' title='bbox 861 5131 966 5190; x_wconf 81' lang='lat' dir='ltr'><strong>erade·</strong></span> <span class='ocrx_word' id='word_1_614' title='bbox 1020 5121 1266 5197; x_wconf 87' lang='lat' dir='ltr'><strong>iideijuramento</strong></span> <span class='ocrx_word' id='word_1_615' title='bbox 1282 5123 1408 5196; x_wconf 87' lang='lat' dir='ltr'><strong>tlrmeta,</strong></span> <span class='ocrx_word' id='word_1_616' title='bbox 1424 5126 1504 5184; x_wconf 91' lang='lat' dir='ltr'><strong>idem</strong></span> <span class='ocrx_word' id='word_1_617' title='bbox 1529 5143 1628 5186; x_wconf 88' lang='lat' dir='ltr'><strong>comes</strong></span> <span class='ocrx_word' id='word_1_618' title='bbox 1651 5126 1844 5192; x_wconf 74' lang='lat' dir='ltr'><strong>emortuam</strong></span> <span class='ocrx_word' id='word_1_619' title='bbox 1966 5127 1967 5194; x_wconf 65' lang='grc' dir='ltr'>ᾗ</span> 
     </span>
    </p>
   </div>
   <div class='ocr_carea' id='block_1_6' title="bbox 138 5304 1966 5673">
    <p class='ocr_par' dir='ltr' id='par_1_8' title="bbox 173 5304 1966 5392">
     <span class='ocr_line' id='line_1_56' title="bbox 173 5304 1966 5392; baseline 0.002 -23"><span class='ocrx_word' id='word_1_620' title='bbox 173 5311 221 5385; x_wconf 71' lang='lat' dir='ltr'><strong>(td</strong></span> <span class='ocrx_word' id='word_1_621' title='bbox 247 5313 384 5372; x_wconf 82' lang='lat' dir='ltr'><strong>Sanctum</strong></span> <span class='ocrx_word' id='word_1_622' title='bbox 399 5310 604 5373; x_wconf 87' lang='lat' dir='ltr'><strong>itudsslndum</strong></span> <span class='ocrx_word' id='word_1_623' title='bbox 627 5311 770 5386; x_wconf 88' lang='lat' dir='ltr'><strong>intellige.</strong></span> <span class='ocrx_word' id='word_1_624' title='bbox 1057 5305 1114 5380; x_wconf 80' lang='lat'>(29)</span> <span class='ocrx_word' id='word_1_625' title='bbox 1134 5304 1293 5392; x_wconf 76' lang='lat' dir='ltr'><strong>Raitidom</strong></span> <span class='ocrx_word' id='word_1_626' title='bbox 1331 5322 1375 5364; x_wconf 78' lang='lat' dir='ltr'><strong>uae</strong></span> <span class='ocrx_word' id='word_1_627' title='bbox 1393 5306 1430 5368; x_wconf 93' lang='lat' dir='ltr'><strong>de</strong></span> <span class='ocrx_word' id='word_1_628' title='bbox 1445 5307 1559 5383; x_wconf 80' lang='lat' dir='ltr'><strong>Pelagio</strong></span> <span class='ocrx_word' id='word_1_629' title='bbox 1572 5307 1749 5383; x_wconf 76' lang='lat' dir='ltr'><strong>sodpsimns</strong></span> <span class='ocrx_word' id='word_1_630' title='bbox 1763 5315 1843 5373; x_wconf 87' lang='lat' dir='ltr'><strong>tomo</strong></span> <span class='ocrx_word' id='word_1_631' title='bbox 1964 5313 1966 5388; x_wconf 60' lang='lat' dir='ltr'><strong>l</strong></span> 
     </span>
    </p>

    <p class='ocr_par' dir='ltr' id='par_1_9' title="bbox 141 5324 1966 5530">
     <span class='ocr_line' id='line_1_57' title="bbox 178 5324 1966 5463; baseline 0.002 -24"><span class='ocrx_word' id='word_1_632' title='bbox 178 5384 224 5457; x_wconf 80' lang='lat'><strong>(27</strong></span> <span class='ocrx_word' id='word_1_633' title='bbox 251 5384 325 5444; x_wconf 93' lang='lat' dir='ltr'><strong>vide</strong></span> <span class='ocrx_word' id='word_1_634' title='bbox 339 5402 406 5458; x_wconf 79' lang='lat' dir='ltr'><strong>qum</strong></span> <span class='ocrx_word' id='word_1_635' title='bbox 421 5386 458 5443; x_wconf 92' lang='lat' dir='ltr'><strong>de</strong></span> <span class='ocrx_word' id='word_1_636' title='bbox 472 5385 633 5457; x_wconf 82' lang='lat' dir='ltr'><strong>posthuma</strong></span> <span class='ocrx_word' id='word_1_637' title='bbox 647 5381 787 5441; x_wconf 87' lang='lat' dir='ltr'><strong>Sisnandl</strong></span> <span class='ocrx_word' id='word_1_638' title='bbox 802 5382 827 5441; x_wconf 94' lang='lat' dir='ltr'><strong>li</strong></span> <span class='ocrx_word' id='word_1_639' title='bbox 841 5383 921 5442; x_wconf 89' lang='lat' dir='ltr'><strong>lama</strong></span> <span class='ocrx_word' id='word_1_640' title='bbox 934 5383 965 5443; x_wconf 92' lang='lat' dir='ltr'><strong>in</strong></span> <span class='ocrx_word' id='word_1_641' title='bbox 1021 5378 1196 5452; x_wconf 60' lang='lat' dir='ltr'><strong>precedens</strong></span> <span class='ocrx_word' id='word_1_642' title='bbox 1227 5324 1416 5463; x_wconf 43' lang='lat' dir='ltr'><strong>condendo·</strong></span> <span class='ocrx_word' id='word_1_643' title='bbox 1963 5397 1966 5442; x_wconf 76' lang='lat' dir='ltr'><strong>t</strong></span> 
     </span>
     <span class='ocr_line' id='line_1_58' title="bbox 141 5448 1965 5530; baseline 0.002 -18"><span class='ocrx_word' id='word_1_644' title='bbox 141 5455 208 5527; x_wconf 88' lang='lat' dir='ltr'><strong>ejus</strong></span> <span class='ocrx_word' id='word_1_645' title='bbox 232 5456 295 5513; x_wconf 88' lang='lat' dir='ltr'><strong>vita</strong></span> <span class='ocrx_word' id='word_1_646' title='bbox 315 5456 502 5530; x_wconf 90' lang='lat' dir='ltr'><strong>scripsimus.</strong></span> <span class='ocrx_word' id='word_1_647' title='bbox 1055 5449 1114 5522; x_wconf 80' lang='lat'>(3⁰)</span> <span class='ocrx_word' id='word_1_648' title='bbox 1130 5448 1251 5508; x_wconf 85' lang='lat' dir='ltr'><strong>Nullum</strong></span> <span class='ocrx_word' id='word_1_649' title='bbox 1262 5450 1309 5506; x_wconf 79' lang='lat' dir='ltr'><strong>ius</strong></span> <span class='ocrx_word' id='word_1_650' title='bbox 1324 5465 1450 5507; x_wconf 81' lang='lat' dir='ltr'><strong>vacuum</strong></span> <span class='ocrx_word' id='word_1_651' title='bbox 1461 5449 1591 5522; x_wconf 83' lang='lat' dir='ltr'><strong>spetlum</strong></span> <span class='ocrx_word' id='word_1_652' title='bbox 1604 5467 1612 5509; x_wconf 76' lang='grc' dir='ltr'><strong><em>ε</em></strong></span> <span class='ocrx_word' id='word_1_653' title='bbox 1623 5454 1737 5515; x_wconf 92' lang='lat' dir='ltr'><strong>sedabs</strong></span> <span class='ocrx_word' id='word_1_654' title='bbox 1748 5456 1840 5516; x_wconf 91' lang='lat' dir='ltr'><strong>dubio</strong></span> <span class='ocrx_word' id='word_1_655' title='bbox 1963 5459 1965 5484; x_wconf 77' lang='lat'><em>⁴</em></span> 
     </span>
    </p>

    <p class='ocr_par' dir='ltr' id='par_1_10' title="bbox 138 5519 1632 5673">
     <span class='ocr_line' id='line_1_59' title="bbox 175 5519 1632 5601; baseline 0.001 -16"><span class='ocrx_word' id='word_1_656' title='bbox 175 5527 233 5600; x_wconf 77' lang='lat'><strong>(28)</strong></span> <span class='ocrx_word' id='word_1_657' title='bbox 247 5529 343 5586; x_wconf 80' lang='lat' dir='ltr'><strong>codex</strong></span> <span class='ocrx_word' id='word_1_658' title='bbox 369 5528 613 5588; x_wconf 74' lang='lat' dir='ltr'><strong>membranaceus</strong></span> <span class='ocrx_word' id='word_1_659' title='bbox 636 5529 708 5587; x_wconf 80' lang='lat' dir='ltr'><strong>AErs</strong></span> <span class='ocrx_word' id='word_1_660' title='bbox 722 5543 743 5586; x_wconf 86' lang='lat' dir='ltr'><strong>r.</strong></span> <span class='ocrx_word' id='word_1_661' title='bbox 764 5526 874 5586; x_wconf 80' lang='lat' dir='ltr'><strong>v1.ilii</strong></span> <span class='ocrx_word' id='word_1_662' title='bbox 898 5543 965 5601; x_wconf 83' lang='lat' dir='ltr'><strong>per·</strong></span> <span class='ocrx_word' id='word_1_663' title='bbox 1021 5536 1084 5579; x_wconf 60' lang='grc' dir='ltr'><strong>θνα</strong></span> <span class='ocrx_word' id='word_1_664' title='bbox 1099 5537 1211 5579; x_wconf 77' lang='lat' dir='ltr'><strong>sunum</strong></span> <span class='ocrx_word' id='word_1_665' title='bbox 1227 5528 1330 5578; x_wconf 68' lang='lat' dir='ltr'><strong>tutior</strong></span> <span class='ocrx_word' id='word_1_666' title='bbox 1345 5519 1510 5596; x_wconf 65' lang='lat' dir='ltr'><strong>expuncto</strong></span> <span class='ocrx_word' id='word_1_667' title='bbox 1527 5524 1632 5590; x_wconf 79' lang='lat' dir='ltr'><strong>voluit.</strong></span> 
     </span>
     <span class='ocr_line' id='line_1_60' title="bbox 138 5612 377 5673; baseline -0.004 -15"><span class='ocrx_word' id='word_1_668' title='bbox 138 5612 377 5673; x_wconf 81' lang='lat' dir='ltr'><strong>peram,1.sr1.</strong></span> 
     </span>
    </p>
   </div>
   <div class='ocr_carea' id='block_1_7' title="bbox 0 0 1993 6034">
    <p class='ocr_par' dir='ltr' id='par_1_11' title="bbox 0 0 1993 6034">
     <span class='ocr_line' id='line_1_61' title="bbox 0 0 1993 6034; baseline 0 0"><span class='ocrx_word' id='word_1_669' title='bbox 0 0 1993 6034; x_wconf 95' lang='lat' dir='ltr'><strong> </strong></span> 
     </span>
    </p>
   </div>
  </div>
 </body>
</html>
