3950 6034
154 245 193 307 95
693 248 869 314 RUPllliTI
890 243 1055 308 laetus
1075 242 1298 306 'l'UI'l'lllllSIS
1816 246 1857 306 96

150 377 211 434 iilic
226 377 302 434 illios
317 379 404 435 lsrael
419 379 605 438 intendentes
619 382 654 437 ad
672 382 759 439 iidem
775 386 971 455 patrumsuo·
985 379 1014 445 Α
1028 375 1085 446 cx),
1097 374 1239 433 nimirum
1249 374 1418 433 aliisvsrbis
1428 376 1587 435 illuminari
1603 378 1735 451 postulat
1745 394 1854 436 cecus.

152 483 218 522 rum
238 467 397 535 Abraham,
424 469 514 534 isaac,
538 475 569 526 at
588 470 689 538 iacob,
713 478 742 527 et
756 470 917 527 clamantes
936 469 972 524 nd
1029 464 1134 521 Statim
1153 465 1208 522 vie
1228 463 1330 522 laudes
1352 466 1465 537 arripit,
1485 469 1571 538 juata
1594 483 1684 539 quam
1709 468 1858 525 sedenset

154 555 321 626 Dominum,
338 563 371 614 ιιι
385 559 520 616 educeret
533 575 583 616 ens
593 561 630 616 ds
643 560 773 634 AEgypto,
789 558 866 633 quod
879 558 909 614 in
921 557 974 614 lin·
1030 553 1203 612 mendicans
1215 554 1401 612 illuminatus
1415 560 1615 628 est‚tantoque
1631 563 1786 627 concentu,
1795 564 1856 615 tam

153 660 211 717 gua
226 653 327 702 nostra
342 649 477 705 tenebras
492 654 588 718 sonat,
599 649 771 721 cultumque
786 649 833 706 sui
845 646 974 704 nominis
1029 644 1133 716 grandi
1148 643 1350 701 vociteratione
1362 644 1436 700 siam
1449 645 1687 701 testimoniorum
1700 646 1855 719 persultat,

154 749 204 790 eos
219 734 412 809 doceretque
425 752 493 794 sera
508 744 537 794 ct
555 740 719 796 necessaria
729 736 906 795 illuminatio
918 739 973 802 ast,
1026 733 1164 805 viamque
1179 732 1320 803 veritatis,
1337 739 1365 789 et
1379 732 1456 789 viam
1480 735 1682 791 mandatorum
1699 736 1854 808 congemi-

153 821 428 896 inorepabanturah
439 825 582 899 AEgpptiis
590 827 828 899 opprimentibus
839 833 865 882 et
876 840 977 897 euper-
1029 827 1090 892 nat,
1107 827 1136 879 ut
1151 838 1287 879 saxorum
1303 838 1419 895 quoque
1433 823 1573 880 duritiam
1585 825 1620 881 ad
1631 824 1853 898 glorificandum

153 911 189 968 bc
201 912 367 970 dicentibus
378 931 385 970 :
396 936 411 965 a
423 915 540 972 Vacatis
553 916 625 982 otio,
635 922 664 973 at
674 916 739 973 ideo
750 914 856 984 dicitis,
866 915 975 971 Eamus
1030 910 1261 968 illuminatorem
1276 928 1363 968 suum
1380 911 1506 968 excitare
1521 917 1621 986 quent.
1633 914 1707 980 Quin
1716 930 1784 971 vero
1796 931 1853 972 non

152 1000 387 1060 etsacriilcemus
401 1003 526 1059 Domino
542 1002 701 1077 (Eecd.v).»
718 1004 811 1078 Igitur
834 1020 901 1061 cum
918 1003 975 1059 uo·
1030 1002 1102 1059 satis
1116 1006 1170 1068 eei,
1196 1005 1231 1058 ad
1256 1001 1333 1059 vlam
1355 1003 1531 1076 parvenisse,
1555 1009 1585 1061 et
1605 1003 1852 1063 illuminationem

152 1090 253 1147 minue
268 1092 386 1149 mittens
415 1092 534 1166 Moysen
560 1098 588 1150 et
604 1098 710 1165 buron,
727 1093 819 1165 jussit
834 1091 974 1166 populum
1029 1091 1159 1148 scientie
1177 1092 1354 1165 percepisse,
1367 1092 1424 1148 nisi
1439 1092 1616 1164 abjiciamus
1631 1095 1779 1152 desideria
1791 1113 1854 1152 car·

155 1196 242 1236 auum
253 1181 358 1238 adduci
370 1182 406 1238 ad
418 1198 459 1251 se,
470 1188 500 1238 ct
510 1198 608 1239 coram
620 1181 680 1240 illis
691 1182 759 1240 iecit
769 1181 916 1239 mirabilia
926 1198 976 1253 per
1031 1182 1088 1246 nis,
1104 1196 1231 1253 congrue
1243 1188 1386 1237 terremur
1400 1180 1517 1240 illorum
1532 1182 1676 1255 exemplo,
1693 1187 1728 1241 de
1747 1186 1855 1257 quihus

154 1281 218 1338 que
240 1267 335 1339 potuit
356 1285 442 1325 verua
470 1275 547 1326 Deus
570 1271 701 1343 agnosci,
726 1271 865 1342 deditque
879 1269 974 1343 legem
1031 1268 1854 1330 dicimusincornmuniona:duoduouucruotetsaturati

153 1357 293 1430 scriptam
308 1365 338 1416 et
355 1360 494 1416 mandata
509 1362 585 1431 vite,
603 1360 752 1434 ritumque
767 1360 891 1431 colendi,
911 1361 974 1433 jam
1030 1367 1096 1414 sant
1109 1356 1208 1426 nimis,
1219 1359 1404 1431 quiapropter
1411 1359 1611 1416 ἀειιιινίοηιιιι
1623 1363 1855 1420 incontinentium

153 1449 224 1502 tunc
240 1462 366 1518 magnus
392 1447 442 1503 ille
457 1465 562 1515 cecus,
578 1449 606 1504 id
624 1455 678 1519 est,
704 1449 866 1505 humanum
882 1464 975 1522 genus
1030 1449 1163 1519 prostrati
1173 1449 1277 1503 suntin
1286 1449 1403 1515 deserto,
1415 1465 1465 1505 nec
1471 1459 1654 1522 peruenerunt
1663 1451 1699 1507 ud
1707 1454 1855 1524 repromis-

42 1562 47 1573 ι
152 1535 240 1605 erepit
254 1534 427 1605 illuminari,
443 1543 471 1593 st
485 1555 564 1594 nunc
581 1555 675 1610 usque
686 1537 873 1594 illuminatur
883 1539 976 1611 magis
1030 1537 1117 1593 sionis
1141 1541 1245 1592 terrum
1260 1536 1351 1610 (Psoi.
1368 1554 1504 1608 ιιιιιινιις
1530 1539 1611 1595 iiam.
1624 1540 1698 1615 arv).
1725 1542 1855 1607 Quorum

152 1640 185 1678 ac
194 1624 299 1696 magis,
307 1625 575 1684 contradicentibus
583 1626 651 1684 licet
661 1627 975 1701 atquelncrepantibus
1033 1645 1086 1684 noa
1096 1626 1228 1700 exemplo
1239 1626 1347 1684 Paulus
1357 1644 1472 1702 quoque
1481 1629 1622 1687 sollicitos
1633 1631 1758 1688 reddens
1770 1651 1798 1688 :o
1807 1633 1857 1691 Sic

152 1711 256 1782 turbis,
271 1730 386 1785 semper
398 1715 516 1785 quidem
533 1715 740 1788 invisibilibus,
765 1734 976 1790 nonnunquam
992 1753 1019 1818 Β
1033 1721 1154 1792 currite,
1180 1721 1285 1793 inquit,
1315 1726 1348 1777 ut
1375 1722 1640 1795 comprehendatis
1649 1726 1673 1796 (l
1687 1725 1747 1783 Cor.
1773 1726 1824 1798 ιιι).
1840 1749 1856 1777 s

152 1806 250 1857 autem
266 1801 355 1859 etiam
365 1801 544 1861 visibilibus.
557 1806 704 1862 llocsnlm
718 1806 876 1864 Dominice
888 1806 976 1878 hujus
1033 1813 1126 1878 Quem
1142 1816 1238 1868 autern
1250 1812 1354 1869 ducem
1370 1812 1520 1869 credimus
1536 1813 1626 1870 luisse
1641 1814 1684 1871 vel
1697 1820 1855 1887 pontonem,

157 1895 300 1947 consonat
314 1891 455 1948 oiilcium.
471 1892 545 1949 Nam
561 1894 731 1966 ingressuro
742 1896 806 1966 iam
828 1896 979 1952 sacerdote
1030 1915 1098 1956 oum
1110 1900 1215 1958 iterum
1227 1901 1369 1973 populum
1379 1917 1466 1957 suum
1481 1904 1510 1957 et
1520 1919 1587 1959 oves
1603 1919 1718 1975 pascue
1728 1921 1789 1961 eue
1799 1904 1855 1962 Do-

157 1980 241 2052 quasl
256 1982 396 2053 prevenit
411 1982 589 2040 clamoribus
604 1983 979 2042 adventumilluminntoris
1032 1990 1128 2047 minna
1144 1992 1279 2048 educeret
1293 1991 1329 2047 de
1344 1997 1421 2049 terre
1434 1993 1561 2066 AEgypti,
1580 1993 1715 2050 dividens
1730 1993 1788 2051 illis
1804 2012 1856 2068 per

156 2071 203 2128 sui
218 2088 312 2129 cecus
328 2073 528 2145 supradictos,
544 2075 615 2131 dum
631 2074 739 2132 chorus
754 2074 884 2132 concinit
895 2093 902 2131 :
913 2069 981 2133 Esto
1031 2078 1189 2136 divisiones
1202 2080 1361 2150 gratiarum
1379 2097 1459 2137 mare
1469 2081 1602 2138 Rubrum
1619 2083 1853 2157 baptismi,quod

153 2161 225 2216 mihi
239 2163 272 2217 in
286 2162 373 2218 iteum
383 2169 568 2233 protectorem
585 2163 672 2235 (Psoi.
688 2164 766 2233 xxx).
781 2164 892 2237 Nempe
902 2165 979 2236 quod
1030 2168 1066 2225 ds
1084 2168 1174 2225 latere
1188 2170 1252 2240 ejus
1265 2168 1419 2242 pendentis
1433 2169 1463 2225 in
1475 2187 1561 2226 crure
1576 2170 1731 2243 proluxit?
1745 2172 1854 2246 Nempe

154 2249 195 2304 ait
211 2267 217 2304 :
233 2272 248 2301 «
264 2250 387 2322 Propter
402 2268 508 2308 nomen
525 2257 610 2308 tuam
626 2254 685 2309 dux
702 2253 774 2310 mihi
786 2253 856 2320 eris,
867 2258 896 2310 et
908 2270 980 2311 enu-
1031 2257 1148 2314 beatum
1165 2256 1520 2330 Patrumapootolum,qui
1532 2259 1599 2314 etin
1617 2276 1723 2332 magno
1734 2277 1855 2333 corpore

155 2348 226 2402 tries
237 2348 393 2420 anabiud),
411 2370 425 2399 »
439 2350 475 2404 ad
486 2348 562 2406 viam
576 2353 689 2422 spectat
699 2352 785 2423 juxta
799 2367 887 2423 quam
899 2351 981 2409 sedet
1029 2346 1177 2418 sepedicti
1194 2345 1283 2418 hujus
1297 2347 1364 2402 ceci
1383 2346 1519 2420 prloceps
1534 2345 1721 2404 illuminatus
1734 2354 1789 2413 est,
1806 2350 1855 2406 di·

155 2451 249 2492 cecus
276 2436 459 2493 mendicans.
486 2437 540 2493 Via
560 2438 670 2510 pariter
692 2447 721 2496 et
748 2440 808 2495 dux
830 2439 907 2496 idem
933 2445 979 2497 est
1029 2440 1112 2493 cente
1140 2436 1176 2492 ad
1201 2452 1268 2492 eum
1291 2435 1407 2493 Christo
1431 2435 1504 2493 Filio
1522 2437 1571 2493 Dei
1586 2437 1642 2493 vivi
1658 2455 1666 2497 ε
1682 2437 1786 2495 Beatus
1810 2456 1854 2509 es,

155 2523 300 2580 Christus.
317 2525 448 2597 Sequens
464 2526 565 2582 itidem
588 2525 732 2585 collecta:
753 2529 849 2585 Preces
860 2537 977 2599 nostrus,
1028 2525 1131 2583 Simon
1146 2524 1282 2594 bariona,
1297 2524 1367 2596 quia
1381 2541 1448 2582 caro
1461 2537 1489 2582 at
1504 2526 1625 2599 sanguia
1644 2543 1700 2584 non
1716 2525 1856 2585 revelavit

155 2627 326 2684 quesumus,
355 2616 479 2683 bomine,
508 2614 658 2672 clementer
680 2616 979 2686 wurdtclamorest
1027 2614 1416 2687 tihi,sedPatermeusqui
1438 2619 1483 2671 est
1502 2615 1855 2688 incelis(ilctlh.xvr).»

153 2702 232 2769 ceci,
249 2702 343 2775 magis
368 2718 401 2758 ac
418 2704 512 2776 magis
528 2708 561 2760 ut
579 2704 762 2772 exaudiatur,
778 2705 975 2763 inclamantis.
1028 2703 1240 2761 convenienter
1254 2719 1320 2775 ergo
1332 2703 1367 2759 ad
1379 2704 1515 2761 eumdem
1527 2704 1690 2777 apostolum
1702 2704 1856 2764 Dominica

153 2792 227 2849 Nam
245 2798 277 2848 ιιι
296 2794 348 2863 ait,
364 2802 475 2866 atquae
492 2798 665 2867 percuterem
687 2796 806 2853 sinuas
829 2799 975 2868 absolutos,
1029 2791 1853 2868 becstatioilt,utomnisplebsvidensmagnificetDsum

153 2883 188 2939 oh
205 2885 282 2940 omos·
296 2900 345 2940 rios
370 2884 536 2942 aduersitate
563 2886 679 2959 melodi,
709 2888 827 2944 turbam
852 2888 977 2960 percutit
1029 2880 1417 2955 exemptosjusdicsntts:2«
1431 2881 1561 2954 Populus
1574 2882 1855 2954 acquisitionem-

154 2988 268 3039 eornm,
285 2989 348 3043 que
376 2972 406 3028 in
423 2973 553 3031 oratione
582 2975 704 3047 patitur,
725 2977 975 3049 phantasmatum,
1030 2970 1162 3028 nuntiate
1177 2972 1299 3028 virtutes
1316 2973 1393 3043 ejus,
1410 2971 1461 3044 qui
1483 2989 1534 3028 vos
1549 2972 1584 3029 de
1600 2971 1728 3031 tenebris
1739 2975 1853 3032 vocavit

154 3060 231 3117 sicut
255 3059 303 3118 llis
325 3077 418 3118 cecus
442 3063 472 3118 in
497 3064 652 3136 Evangelio
676 3067 793 3123 turham
822 3066 975 3140 increpan-
1032 3059 1062 3115 ln
1079 3058 1252 3115 tdtnlttbilss
1267 3056 1366 3117 lumen
1382 3076 1468 3116 auum
1483 3062 1510 3132 (Ι
1527 3064 1691 3133 Piir·1¹.l‚”

153 3150 240 3216 tium,
271 3148 348 3206 sicul
377 3150 428 3206 tilii
448 3151 534 3208 lsrael
556 3152 705 3226 AEgpptios
732 3154 918 3227 prohibentes
947 3161 975 3212 et
1350 3149 1469 3207 CAPUT
1488 3150 1534 3206 IX·

152 3237 294 3294 violenter
308 3255 340 3294 se
362 3243 505 3311 tenentes,
532 3257 568 3297 ne
591 3242 667 3297 irent
691 3242 727 3298 ad
750 3243 975 3300 sacrificandum
1169 3237 1716 3311 baptimodominicaQnodrcpertmae.

155 3327 275 3384 Domino
297 3329 355 3385 Dan
383 3334 499 3401 patrum
525 3345 645 3386 suorum
667 3332 769 3403 (Exod.
785 3338 823 3403 ν).
842 3334 976 3406 llpistole
1067 3326 1224 3384 Dominice
1253 3326 1343 3397 hujus
1367 3327 1507 3395 oifluium,
1531 3328 1736 3401 propheticum
1761 3332 1857 3388 sancti

152 3431 270 3489 quoque
283 3416 524 3488 tertiarumque
544 3419 690 3476 homiuum
715 3421 977 3495 loquoretoopeio-
1031 3416 1158 3490 Spiritus
1180 3420 1317 3490 personat
1346 3416 1531 3473 uniformiter
1555 3422 1644 3491 atqua
1670 3421 1859 3491 congeminat

152 3523 226 3572 rum,
241 3523 299 3563 non
315 3511 522 3563 exsulantum
540 3507 602 3565 loco
618 3526 677 3580 quo
689 3509 801 3567 dictum
814 3515 858 3569 est
874 3511 978 3569 :Vide-
1031 3506 1192 3575 oracutum,
1213 3506 1277 3563 ⁵5⁰⁰
1302 3506 1464 3563 multllm
1479 3524 1577 3564 telum
1602 3525 1636 3565 ιθ
1652 3525 1857 3582 diffinitum,

153 3612 219 3651 mua
234 3611 313 3652 nunc
329 3612 381 3668 per
394 3597 547 3667 speculum
562 3601 592 3654 et
613 3597 643 3653 in
660 3599 826 3671 enigmate,
842 3604 911 3658 tunc
925 3618 976 3658 au·
1032 3598 1858 3673 quupuqnauticontradraconemantiquumpromittitur

152 3687 209 3740 tem
226 3682 298 3740 lania
310 3686 346 3740 ad
359 3684 463 3741 laniem
482 3687 519 3755 (ll
536 3687 601 3742 Cor.
618 3688 691 3761 riu),
708 3690 757 3746 aad
773 3706 808 3747 ex
826 3694 886 3748 tota
901 3691 977 3748 serie
1032 3688 1281 3746 sanctedeclesie
1290 3693 1460 3761 competens
1471 3687 1648 3746 altissimum
1662 3689 1855 3762 adjutorium.

154 3788 218 3843 sua,
233 3773 269 3828 nd
286 3773 418 3844 ejusdam
435 3772 680 3834 illuminationem
692 3778 758 3836 ceci
774 3780 975 3852 respicit,dum
1030 3782 1145 3850 Spectat
1163 3775 1312 3833 [lominica
1328 3776 1389 3833 hee
1405 3781 1541 3848 quartam
1553 3778 1656 3835 mundi
1671 3786 1856 3850 etatemque

152 3861 265 3918 conctis
280 3862 509 3921 charismatibus
523 3865 758 3923 excellentiorem
771 3867 976 3925 vinmdemon·
1030 3866 1080 3923 Ab
1095 3865 1224 3922 mundun
1239 3864 1369 3937 plenaria
1379 3866 1532 3936 iuventute
1548 3867 1793 3934 roboratusest‚at
1804 3884 1857 3940 pc·

152 3954 237 4017 strat,
253 3950 280 4006 ld
290 3956 335 4007 eet
345 3951 755 4011 charitatemilhnritasenim
766 3954 868 4012 oculus
879 3956 976 4012 cordis
1032 3957 1120 4030 pulos
1135 3957 1186 4013 bet
1202 3957 1286 4030 quusi
1302 3956 1402 4014 viriles
1418 3975 1510 4015 annos
1526 3959 1689 4030 ingressus,
1700 3964 1856 4018 coronatus

152 4046 208 4106 ast,
224 4055 284 4110 qua
298 4039 434 4112 quisquis
449 4046 537 4108 caret,
560 4058 655 4097 cecus
677 4047 732 4106 cst,
757 4049 786 4099 st
801 4044 832 4099 in
847 4043 976 4101 tenebris
1030 4051 1075 4104 est
1085 4046 1857 4121 diadematsregum,etornatussanctorumsapientia

153 4126 295 4193 ambulat,
312 4132 342 4182 st
354 4128 446 4184 nescit
461 4145 520 4200 quo
533 4134 580 4185 eat
590 4132 611 4200 (l
620 4132 701 4186 loco.
718 4131 759 4202 ιι).
777 4131 854 4187 Nam
865 4136 895 4189 et
909 4149 976 4190 oum
1031 4136 1324 4210 prophetarumlt'am
1341 4137 1509 4209 patriarcha
1523 4136 1615 4194 David
1629 4138 1737 4195 electus
1747 4155 1855 4196 secun·

151 4213 323 4271 illuminare
351 4215 488 4287 cepisset
508 4221 585 4274 Deua
618 4217 781 4275 humanum
815 4236 920 4293 genus,
945 4228 977 4280 ut
1032 4224 1855 4301 dumcorDominiremotoSaulc,primueragumpre·

155 4305 333 4371 dictumest,
348 4302 442 4375 legem
458 4306 555 4362 dando
572 4305 640 4363 illlis
663 4307 762 4379 lsrael,
779 4308 834 4366 hoo
849 4311 977 4381 primum
1032 4314 1456 4388 cipuusprophetarum‚manu
1467 4316 1569 4372 lortem
1577 4315 1620 4372 vel
1629 4316 1855 4376 desiderabilem

153 4393 273 4468 collyrio
289 4392 390 4450 oeulos
402 4394 467 4464 ejus
483 4394 609 4463 inunxit,
626 4395 728 4453 dicens
743 4413 750 4453 t
767 4419 781 4448 a
799 4396 906 4471 Diliges
921 4400 977 4457 Do·
1032 4403 1182 4460 Christum
1208 4403 1327 4460 nomios
1347 4405 1504 4475 presignat
1515 4405 1541 4473 (l
1555 4405 1618 4474 liep.
1640 4406 1709 4477 xvi),
1726 4405 1855 4465 victoriis

151 4482 265 4539 minum
288 4482 377 4537 Deum
392 4487 476 4538 tuum
493 4499 526 4538 er
553 4486 613 4538 tolo
641 4484 805 4554 cordetuo,
821 4490 900 4541 etex
916 4490 977 4544 tota
993 4466 1208 4565 Dpreilgurah
1235 4490 1415 4565 propheticis
1443 4491 1570 4549 oraculis
1594 4509 1627 4548 ac
1652 4494 1855 4565 spiritualibus

151 4571 251 4627 anima
264 4574 326 4639 tun,
341 4576 370 4627 et
386 4587 420 4626 ex
438 4572 612 4629 totavirtute
628 4577 689 4640 tua,
700 4577 729 4629 et
746 4589 779 4630 er
797 4579 859 4630 tota
880 4583 976 4634 mente
1031 4580 1155 4638 canticis
1171 4580 1337 4637 annuntiat.
1354 4580 1388 4635 Ει
1412 4581 1483 4654 quia
1497 4580 1599 4638 clausa
1615 4582 1681 4651 luit,
1708 4587 1854 4657 usquead

150 4666 213 4728 tua,
229 4665 258 4717 et
273 4662 438 4732 proximum
455 4667 539 4718 tuum
556 4663 633 4718 sicut
648 4661 774 4736 teipsum
785 4664 885 4737 (Derai.
899 4669 974 4740 vri.»
1030 4668 1135 4726 Christi
1165 4671 1337 4738 adventum,
1360 4669 1450 4742 hujus
1463 4675 1492 4726 et
1506 4676 1677 4728 ceterorum
1704 4673 1857 4746 Scriptura

151 4748 307 4819 ilreduals,
330 4765 398 4806 curn
415 4750 507 4806 solam
524 4751 729 4808 liberationem
744 4752 873 4810 illiorum
885 4756 975 4813 lsrael
1030 4757 1250 4831 prophetarum,
1271 4774 1304 4814 ac
1323 4757 1400 4815 siant
1415 4759 1568 4815 tenebrosa
1588 4776 1665 4832 aqua
1680 4762 1708 4817 in
1725 4762 1856 4821 nubibus

151 4840 199 4911 (ds
215 4854 274 4911 qun
288 4839 399 4895 dictum
415 4841 469 4909 est)
500 4839 613 4896 cunctis
628 4856 700 4911 pene
715 4842 893 4900 dictionibus
908 4862 973 4916 per·
1030 4848 1117 4915 neris,
1134 4847 1174 4902 ita
1188 4847 1453 4904 contenebrabatur
1472 4848 1590 4904 occulta
1605 4849 1728 4907 scientia
1742 4850 1772 4908 in
1788 4869 1854 4924 pru·

153 4944 258 4985 sonare
268 4927 410 4998 videatur,
420 4931 518 4984 tamen
530 4944 565 4984 ex
576 4929 696 5001 eoquod
710 4930 832 4989 dicitur:
845 4953 857 4983 a
870 4933 974 4991 Notam
1029 4932 1137 5007 phalis,
1153 4934 1245 4990 donec
1259 4935 1360 5005 Agnus
1375 4933 1437 5001 ilai,
1453 4932 1534 4990 solus
1550 4934 1657 5004 dignus
1668 4936 1798 5010 accipere
1813 4937 1854 4994 li·

152 5018 249 5075 iecisti
261 5019 290 5074 in
306 5016 443 5091 gentibus
462 5017 597 5073 virtutem
613 5026 693 5074 tuam
712 5018 893 5093 (Psui.nv11),
908 5046 922 5072 s
937 5025 974 5080 ad
1029 5023 1115 5078 hrum
1131 5025 1160 5079 ct
1177 5023 1287 5079 solvere
1299 5022 1451 5096 signacula
1462 5023 1626 5096 ejushipcr.
1640 5024 1710 5096 r),in
1719 5026 1855 5097 passione

149 5109 282 5164 eamdem
294 5109 407 5179 spectat
418 5105 590 5178 magniceci
611 5100 869 5167 illuminationem.
887 5113 932 5168 Sic
946 5117 975 5170 st
1029 5129 1083 5169 oua
1095 5111 1269 5185 complendo
1284 5113 1470 5185 propheticas
1485 5113 1610 5185 aperiret
1627 5130 1729 5171 voces:
1743 5115 1854 5175 idcirco

150 5196 181 5252 ln
197 5196 303 5254 Traotu
319 5194 397 5269 qnod
418 5192 523 5249 dicitur
539 5211 545 5249 :
562 5196 672 5252 intrate
697 5196 727 5253 in
748 5208 893 5270 conspectu
915 5202 975 5273 ejus
1030 5201 1066 5258 ab
1081 5200 1135 5257 hac
1150 5201 1547 5274 Dominicaveladependent
1562 5206 1631 5258 ants
1645 5208 1748 5259 sancta
1760 5205 1856 5263 Eccle-

148 5284 235 5356 (Psul.
252 5285 357 5357 erun),
380 5288 409 5340 st
432 5288 546 5350 cetere,
573 5285 651 5343 idam
676 5291 721 5344 ast
740 5304 774 5344 ac
796 5289 821 5346 si
837 5288 943 5346 diceret
965 5309 972 5349 :
1029 5292 1079 5347 sie
1094 5291 1207 5361 altaria,
1225 5296 1255 5346 ut
1276 5290 1402 5363 populus
1417 5292 1524 5347 Sancta
1552 5300 1719 5348 sanctorum
1735 5309 1792 5350 non
1809 5296 1854 5351 vi·

149 5374 286 5430 Arcadiis
301 5374 337 5430 ad
353 5389 422 5429 eum
444 5377 473 5429 et
499 5370 718 5433 illuminamini.
741 5379 883 5452 Quodque
900 5380 974 5438 lecto
1029 5378 1856 5453 deat,donecinantepaschaliahebdomadadepositicns

149 5461 319 5533 supradicto
336 5461 490 5534 Evangelio
508 5460 635 5519 dicimus
651 5464 680 5520 in
695 5466 843 5523 oilertorio
860 5486 868 5524 ι
885 5469 973 5525 Beue·
1028 5467 1170 5535 velorum,
1181 5469 1282 5524 eadem
1307 5471 1460 5522 renovetur
1485 5468 1674 5540 significatio,
1690 5485 1754 5541 que
1777 5473 1856 5533 iacta

148 5548 236 5606 dictur
250 5565 287 5618 es,
299 5548 424 5618 domiue,
440 5551 505 5606 door
518 5564 561 5605 me
574 5550 785 5621 iustificationes
805 5557 869 5610 tuus
885 5556 972 5627 (Paul.
1029 5559 1074 5612 eat
1088 5572 1139 5627 per
1150 5556 1288 5628 bocqnod
1305 5554 1398 5611 velum
1410 5554 1644 5627 templiscissum
1659 5559 1854 5630 eet,apirltum
