3950 6034
171 258 257 323 uus
697 245 906 318 uuuruurs,
927 239 1104 307 nouours
1125 243 1174 305 nr
1196 243 1374 309 aunuum
1809 249 1894 307 irre
1950 194 1951 197 Ὺ

175 390 412 461 archiepiscopus
427 385 551 444 animum
575 386 640 457 ejus
669 383 706 440 ab
732 381 782 439 illa
806 378 1002 454 postulatione
1017 379 1042 448 Α
1058 379 1215 446 Honorius,
1232 380 1312 437 mira
1327 380 1478 439 industris
1494 385 1524 439 et
1537 397 1652 455 magus
1665 382 1823 455 probitatis
1833 384 1891 452 vir,

176 477 361 552 consumptis
376 475 477 533 multis
493 474 629 549 precibus
649 488 783 529 revocare
808 486 866 527 nun
891 473 999 540 posset,
1054 468 1189 524 Romans
1204 470 1283 527 sedis
1295 471 1497 545 episcopatum
1508 473 1730 543 curiaesigente
1742 473 1887 540 obtinuit,

177 586 231 630 uec
246 585 277 626 se
288 567 375 624 aliter
389 565 447 623 uisi
462 564 586 636 pecunia
600 563 626 619 ei
641 562 746 620 collata
761 574 917 618 evasurum
936 573 1000 615 esse
1054 555 1549 628 etillcllumbertum,veuerabilem
1560 562 1849 618 virumcurdiuulem
1859 570 1888 620 et

176 657 307 726 sentiret,
317 654 503 726 septuaginta
513 668 628 708 marcas
636 650 702 723 puri
710 649 824 722 argenti
833 645 1000 714 sicontulit,
1055 646 1269 720 presbyterum,
1285 665 1302 706 a
1317 648 1472 707 sublatere
1484 649 1514 706 in
1526 655 1625 723 partes
1638 652 1888 724 Hispanasdesti·

176 753 206 805 et
221 751 323 822 postes
337 744 396 801 tale
412 748 527 815 pactum
542 758 610 798 cum
623 756 657 797 eo
679 741 714 797 ad
741 737 878 795 ultimum
902 750 1001 793 coram
1055 734 1145 803 navit,
1157 736 1377 796 utlratribusin
1388 739 1824 797 unumcouvocatiscuucilium
1846 741 1889 797 ibi

176 829 715 910 praelatisi'irisstabilivit,utcentum
726 824 1001 884 mareasannuatim
1055 823 1223 894 celebraret,
1241 833 1269 883 et
1292 843 1356 900 quse
1381 827 1455 884 bens
1483 832 1594 886 statuta
1613 834 1707 898 erant,
1732 831 1887 887 communi

176 930 204 985 ei
219 926 375 990 conterret,
391 928 425 979 ut
440 937 493 979 nec
509 938 542 979 se
560 929 612 978 aut
627 936 711 977 suem
727 917 880 975 ecclesiam
901 916 1002 987 impu»
1055 929 1156 970 eorum
1173 915 1294 972 consilio
1309 920 1338 973 et
1359 916 1538 974 adminiculo
1564 919 1767 988 confirmaret;
1794 936 1889 993 prava

178 1020 293 1090 gnaret,
309 1018 359 1070 aut
374 1013 560 1086 inquietaret,
575 1026 629 1068 nec
644 1007 754 1080 aliquid
772 1005 901 1078 amptius
925 1022 943 1060 a
970 1021 1002 1060 se
1055 1019 1122 1060 vero
1138 1003 1168 1060 in
1186 1004 1292 1062 melius
1308 1006 1450 1062 mutando
1465 1007 1632 1080 corrigeret.
1654 1008 1707 1064 Hic
1722 1008 1889 1065 cardinalis

179 1103 360 1180 postularet;
376 1108 487 1159 etcum
503 1099 595 1157 linitis
611 1099 750 1156 omuibus
776 1094 889 1169 guerris
913 1110 1000 1151 suum
1056 1091 1282 1164 Compostellam
1296 1094 1415 1152 veniens
1429 1096 1574 1153 adomino
1586 1096 1822 1168 compostellano
1840 1098 1890 1154 be·

179 1211 302 1267 regnum
318 1194 452 1249 sedatum
469 1196 497 1249 et
508 1189 780 1264 quietumbaberat,
791 1203 908 1244 omnem
921 1184 999 1242 illam
1056 1181 1156 1239 nevole
1170 1187 1200 1238 et
1215 1189 1349 1241 accurate
1363 1195 1407 1241 est
1421 1191 1566 1259 receptus,
1582 1190 1610 1242 et
1625 1186 1779 1259 diligenter
1795 1192 1888 1260 atque

179 1286 345 1358 pecuniam,
362 1299 451 1354 quam
467 1280 518 1337 tuli
533 1278 699 1336 conditione
714 1277 750 1333 ab
777 1275 826 1332 illo
849 1274 1002 1332 aunuatim
1055 1270 1215 1328 honorilice
1230 1278 1439 1345 pertractatus;
1452 1274 1552 1348 ibique
1563 1291 1612 1332 vrri
1628 1277 1689 1333 dies
1699 1282 1743 1333 est
1753 1293 1885 1334 commo·

177 1375 330 1446 acciperet,
346 1371 403 1446 ipsi
417 1368 663 1442 compostellano,
685 1367 711 1422 si
734 1365 851 1431 viveret,
880 1363 923 1421 vel
947 1380 1002 1420 suc
1056 1365 1148 1419 ratus.
1165 1360 1247 1418 Unde
1264 1362 1419 1422 discedens
1435 1364 1631 1438 portugaliam
1654 1365 1737 1432 adiit,
1756 1369 1786 1422 et
1810 1366 1886 1423 flexu

178 1462 355 1526 successuri,
376 1465 405 1517 et
427 1457 555 1517 ecclesie
580 1457 611 1513 Β.
635 1456 734 1513 tacobi
756 1456 787 1510 in
811 1454 935 1526 pecunia
957 1452 1001 1509 val
1057 1450 1170 1520 itinere,
1186 1451 1363 1522 carrionem,
1381 1453 1431 1509 ubi
1446 1469 1512 1510 cum
1528 1470 1604 1525 rege,
1622 1455 1672 1527 qui
1695 1471 1747 1526 per
1770 1472 1788 1509 u
1811 1455 1886 1511 beb-

178 1552 290 1608 honore
305 1565 398 1622 usque
414 1550 450 1606 ad
465 1547 672 1604 brevissimum
688 1546 880 1617 quadrantem
893 1548 1004 1600 restau·
1057 1539 1197 1596 demades
1213 1542 1414 1615 compostella
1430 1543 1506 1616 apud
1522 1542 1673 1600 dominum
1683 1542 1885 1617 archiepisco·

179 1641 405 1711 mutilumque
420 1637 478 1694 tale
489 1642 607 1710 pactum
622 1636 806 1706 interregem
818 1632 1002 1705 starchiepi·
1058 1645 1128 1702 pum
1144 1635 1275 1688 moratus
1290 1633 1394 1701 luerat,
1409 1649 1475 1690 cum
1485 1634 1550 1707 ipso
1560 1634 1886 1707 archiepiscopocouci·

177 1745 298 1802 scopum
314 1723 752 1796 secreteirrmatumesset,ipse
763 1722 1003 1796 archiepiscopus
1060 1716 1133 1774 lium
1150 1718 1296 1777 celebrare
1307 1722 1389 1793 prius
1402 1725 1558 1789 statuerat,
1570 1723 1686 1779 [tndem
1700 1725 1888 1795 pervenite&

181 1812 1008 1896 prelatumvirumalbertinumsuumtldelemamicum
1065 1812 1887 1890 rerequidemetipsecardiunlisprimumpersepropriu

182 1911 213 1967 in
223 1924 313 1965 mauu
324 1907 420 1981 ipsius
429 1905 504 1981 regis
517 1907 615 1963 statim
624 1905 732 1977 posuit,
741 1904 825 1975 quisi
833 1902 934 1959 deillla
942 1917 1009 1959 cen·
1065 1916 1125 1968 ore,
1136 1907 1165 1958 et
1175 1908 1275 1974 postea
1286 1920 1338 1976 per
1347 1921 1416 1961 suas
1427 1904 1540 1962 litteras
1550 1910 1579 1961 et
1592 1907 1723 1972 nuntios,
1733 1905 1887 1963 dominum

184 2014 248 2056 rum
260 1998 368 2055 marcis
379 1996 531 2053 annuatim
544 1995 744 2068 responderet,
756 1997 785 2049 et
794 1992 908 2049 debitur
921 1994 1009 2048 esset.
1065 1991 1331 2065 compostellanum
1345 1994 1379 2049 ad
1392 1993 1464 2050 illud
1475 1993 1631 2051 concilium
1643 1996 1850 2067 invitaverunt,
1859 2004 1887 2053 et

183 2089 250 2145 Ideo
260 2092 357 2144 autem
369 2082 687 2158 compostellanustale
696 2087 814 2155 pactum
823 2081 1011 2154 cumregeie·
1064 2097 1132 2138 eum
1148 2085 1181 2136 ut
1194 2081 1249 2152 ipsi
1261 2081 1385 2138 concilio
1397 2083 1535 2139 interesse
1546 2084 1686 2154 studeret,
1709 2100 1886 2158 magnopere

183 2174 611 2250 cit,quiameliusetbouestius
622 2189 686 2230 esse
694 2172 1011 2245 putavitcentumrnar-
1064 2169 1211 2243 deprecati
1227 2177 1304 2227 sunt.
1316 2169 1376 2227 Hoc
1387 2178 1485 2227 auteur
1496 2172 1560 2229 ideo
1571 2172 1726 2243 iaciebant,
1738 2175 1886 2246 quiscun-

185 2283 234 2324 uss
247 2265 360 2339 argenti
374 2263 528 2320 annuatim
541 2262 717 2336 persolvere,
732 2277 820 2335 quum
842 2261 968 2318 dedecus
982 2267 1009 2316 et
1064 2259 1165 2317 cilium
1176 2259 1884 2335 ipsocompostellanoabsenteparumvuliturum

185 2353 424 2428 exspoliationem
437 2351 763 2410 sueecclesieassidue
780 2350 935 2408 sustinere.
1064 2361 1128 2403 esse
1143 2348 1244 2420 procul
1260 2348 1349 2406 dubio
1374 2356 1523 2408 noverant.
1550 2352 1605 2408 Sed
1630 2353 1884 2426 compostellanus

490 2458 607 2517 CAPUT
627 2458 701 2516 xpp
1064 2438 1146 2509 gravi
1173 2437 1345 2511 egritudine
1370 2447 1432 2496 tum
1458 2440 1596 2514 temporis
1617 2440 1780 2508 laborabat,
1807 2445 1883 2501 unde

187 2552 379 2624 Quotiterres
393 2550 628 2622 archiepiscopum
643 2547 734 2606 uetuit
748 2550 859 2620 prium
885 2557 1009 2620 monera,
1064 2526 1206 2584 clarusci
1228 2528 1354 2601 populus
1381 2528 1567 2587 vehementer
1590 2529 1718 2602 dolebat,
1744 2534 1794 2589 sed
1819 2532 1884 2590 licet

200 2629 229 2681 et
241 2625 389 2697 priurtepiu
401 2622 430 2679 ei
443 2636 568 2680 concessu
582 2624 624 2678 uit
638 2637 705 2693 opus
718 2622 835 2678 rrctcsiae
846 2620 874 2676 S.
886 2622 990 2679 toccu.
1064 2618 1229 2689 ponderosa
1257 2618 1428 2676 infirmitate
1456 2621 1645 2690 detineretur,
1670 2639 1734 2694 que
1774 2638 1841 2680 eum
1869 2639 1883 2679 a

218 2712 300 2771 Circa
312 2713 390 2769 idem
406 2718 524 2785 tempus
540 2710 695 2784 pradictus
714 2711 802 2767 rexit.
815 2712 1008 2783 quorumdam
1064 2704 1213 2763 calumnia
1227 2708 1342 2765 concilii
1357 2709 1430 2766 satis
1451 2725 1592 2767 excusare
1615 2716 1740 2784 poterat,
1765 2713 1883 2770 concilio

182 2819 340 2879 pravorum
357 2801 592 2859 consiliariorum
603 2800 744 2856 instinctu
756 2798 938 2869 compulsus,
951 2815 1011 2856 mo·
1064 2800 1162 2853 tamon
1179 2814 1236 2853 uun
1252 2801 1313 2852 tam
1329 2802 1448 2870 propter
1461 2798 1662 2856 invitationem
1679 2802 1756 2874 regis
1770 2807 1798 2857 et
1820 2819 1883 2858 car·

183 2897 250 2951 ueta
264 2890 509 2967 Gumpustellanae
523 2889 661 2956 civitatis,
677 2905 766 2961 quam
785 2905 857 2945 suus
873 2905 945 2945 avua
960 2904 1010 2945 rex
1064 2885 1183 2952 diaetis,
1199 2903 1288 2959 quam
1305 2891 1423 2960 propter
1437 2888 1467 2944 S.
1479 2888 1613 2945 Ecclesiae
1624 2889 1797 2947 bonorumet
1807 2892 1884 2947 utili·

183 2984 362 3052 adefonsus,
378 2984 485 3038 sanctis
500 2978 637 3035 scelests
651 2977 793 3034 exaltatur
806 2982 835 3034 et
855 2988 1008 3050 patronus,
1065 2978 1155 3032 tatem
1169 2975 1311 3032 interesse
1325 2974 1461 3033 decrerit.
1481 2979 1595 3034 Paratis
1621 2978 1719 3052 itaque
1744 2996 1808 3053 quae
1830 2980 1882 3037 sibi

183 3072 221 3128 ad
236 3088 311 3144 opus
325 3069 461 3127 Ecclesia
477 3068 508 3124 Β.
524 3066 626 3124 iacobi
642 3067 847 3124 aedificandum
871 3073 900 3124 st
924 3084 1009 3140 pera·
1066 3081 1131 3121 esse
1147 3065 1309 3122 necessaria
1323 3066 1353 3122 iu
1367 3066 1472 3123 itinere
1490 3074 1617 3135 noverat,
1643 3070 1698 3126 iter
1722 3086 1788 3126 cum
1813 3072 1882 3143 upti-

183 3160 324 3234 gendum,
341 3174 393 3231 pro
407 3173 462 3213 aus
478 3162 636 3214 stauarum
646 3160 799 3227 parentum
811 3156 968 3213 animabus
979 3157 1009 3215 in
1025 3132 1048 3200 G
1068 3155 1196 3212 malibus
1212 3157 1258 3212 sui
1273 3156 1355 3226 cleri,
1371 3156 1571 3216 cardinalibus
1585 3163 1614 3215 et
1622 3160 1883 3228 archidiaconibus,

184 3251 358 3322 perpetuum
373 3249 568 3314 concesserat,
584 3250 613 3302 et
627 3243 813 3318 privilegium
829 3245 865 3302 de
877 3245 928 3303 illa
938 3263 1007 3303 oon·
1064 3250 1092 3301 et
1102 3245 1168 3302 eliis
1180 3245 1744 3322 multishonestispersonis,gaudentcr
1754 3252 1881 3324 arripuit.

183 3337 315 3394 cessione
327 3336 356 3391 B.
365 3334 466 3391 iacobi
476 3333 604 3391 ecclesia
615 3334 769 3402 lecerat,et
778 3334 1010 3409 lactumprupria
1063 3336 1193 3406 Cumque
1207 3352 1316 3407 rnagnu
1330 3335 1520 3394 multitudiue
1534 3336 1603 3394 oleri
1614 3341 1774 3396 comitante
1786 3342 1882 3413 tegio-

185 3441 275 3484 manu
291 3426 487 3493 roboraverat,
502 3427 532 3480 et
546 3424 712 3480 roboratum
728 3424 758 3479 ln
781 3441 869 3481 manu
897 3425 1009 3481 domini
1064 3440 1131 3481 uem
1141 3425 1402 3497 appropinquaret,
1411 3443 1461 3482 rex
1472 3427 1748 3501 Adelonsusdeejus
1760 3431 1879 3486 adveatu

183 3513 410 3587 Compustelluni
422 3530 511 3584 super
521 3518 741 3570 sacrosanctum
754 3512 845 3570 altare
855 3519 884 3569 u.
895 3514 1008 3588 iacobi,
1065 3530 1117 3586 per
1130 3514 1254 3570 viatores
1269 3514 1457 3584 certificatus,
1474 3531 1540 3572 cum
1558 3518 1729 3574 consulibus
1755 3525 1785 3575 et
1807 3526 1881 3591 pute·

184 3620 219 3662 ex
234 3621 286 3660 sua
305 3608 386 3676 parte
401 3603 593 3670 oll'erendum,
610 3605 687 3675 apud
710 3604 915 3675 segoviensem
941 3604 1010 3661 civi·
1064 3601 1190 3658 statibus
1199 3606 1227 3659 et
1235 3619 1338 3673 magno
1349 3604 1625 3662 mititumcomitatu
1633 3606 1747 3663 obviem
1757 3607 1782 3664 ei
1790 3608 1882 3679 exirit,

184 3698 276 3750 tatem
299 3691 458 3750 submissis
485 3690 645 3764 poplitibus
675 3692 835 3749 tradiderat
866 3694 954 3767 (loo),
983 3695 1010 3752 ei
1065 3693 1884 3766 eumquecummaguogaudioetmagnobonuriliceutia

185 3782 327 3840 violenter
340 3782 456 3839 auterre
470 3779 571 3836 voluit.
588 3780 644 3837 Sed
668 3780 805 3838 domiuus
827 3782 1009 3854 compostel·
1064 3778 1312 3851 recepitlnterim
1324 3780 1883 3854 Legionensisepiscopusetsuiclerici
1950 3830 1951 3839 ,

185 3873 272 3929 lanus
287 3871 352 3943 ejus
368 3886 487 3944 pravam
504 3869 684 3926 voluntatem
699 3869 812 3935 videns,
829 3875 858 3926 et
876 3870 944 3942 lupo
960 3888 1011 3929 ve·
1065 3886 1097 3926 se
1111 3875 1338 3941 apparaverunt,
1353 3874 1382 3926 et
1397 3870 1651 3944 archiepiscopum
1661 3889 1727 3928 cum
1741 3874 1846 3947 insigni
1859 3882 1884 3933 et

186 3960 276 4017 nienti
292 3977 349 4016 non
367 3965 399 4016 ut
421 3958 631 4024 mercenarius,
658 3959 709 4015 sed
735 3963 768 4015 ut
793 3960 888 4015 bonus
913 3966 1012 4032 pastor
1066 3973 1207 4031 pomposa
1223 3958 1407 4030 processione
1423 3967 1605 4031 receperunt.
1623 3962 1717 4017 Finita
1731 3978 1799 4018 varo
1823 3981 1883 4036 pru·

183 4049 308 4107 viriliter
316 4049 467 4115 resistens,
481 4048 681 4118 supradictum
695 4047 879 4121 privilegium
890 4050 968 4120 quod
980 4052 1010 4107 in
1066 4044 1208 4116 cessione,
1225 4063 1275 4102 rex
1288 4063 1355 4102 eum
1372 4047 1407 4102 ad
1426 4063 1513 4104 suum
1533 4050 1676 4121 palatium
1701 4054 1817 4122 propriu
1840 4070 1884 4109 ore

184 4138 323 4195 thesauro
340 4138 373 4192 B.
387 4136 490 4193 iacobi
507 4136 667 4206 repositum
683 4138 828 4205 servabat,
844 4137 887 4193 illi
912 4155 1011 4196 curam
1066 4133 1208 4203 invitavit,
1226 4141 1255 4190 ut
1268 4134 1333 4207 ipso
1355 4134 1403 4192 dio
1417 4135 1571 4208 splendide
1582 4145 1611 4194 et
1625 4140 1811 4195 abundanter
1825 4157 1883 4213 pro·

185 4226 301 4284 cunctis
316 4226 482 4284 astantibus
493 4225 630 4293 ostendit,
647 4230 676 4281 et
690 4225 720 4280 in
737 4226 802 4298 ejus
819 4227 1010 4296 praeseutiain
1067 4223 1184 4279 curavit.
1204 4223 1326 4296 Sumpta
1341 4228 1436 4280 autem
1451 4228 1583 4295 prandio,
1600 4243 1648 4283 rex
1663 4234 1692 4285 et
1716 4230 1780 4301 ipse
1805 4232 1883 4286 Cum·

184 4322 216 4373 Β.
232 4316 332 4374 Jacobi
348 4316 474 4373 ecclesia
495 4313 610 4370 recitari
635 4312 711 4370 lesit.
736 4314 789 4371 llle
813 4332 878 4372 vero
897 4317 959 4374 viso
983 4322 1013 4373 et
1067 4311 1247 4386 postellanus
1261 4315 1389 4385 quodum
1414 4315 1549 4370 conclave
1573 4318 1660 4373 aurbu
1683 4316 1738 4373 soli
1761 4318 1883 4389 ingressi

185 4408 285 4463 audito
301 4405 451 4478 privilegiu
467 4419 582 4477 spravu
598 4402 748 4475 proposito
768 4404 893 4473 destitit,
919 4414 947 4463 et
970 4408 1011 4463 sic
1066 4406 1146 4470 sunt,
1163 4408 1193 4458 et
1206 4401 1385 4474 colloquium
1401 4406 1434 4459 ds
1445 4405 1548 4461 multis
1560 4408 1649 4462 rebus
1660 4406 1699 4464 ibi
1712 4406 1882 4464 babuerunt.
1950 4412 1951 4445 l

191 4493 378 4549 monetasub
396 4494 465 4564 jure
488 4492 601 4548 domini
626 4492 851 4563 compostellani
875 4494 904 4550 in
929 4495 1052 4568 adiu-1)
1069 4494 1173 4564 Inque
1198 4491 1343 4564 colloquio
1368 4510 1416 4550 ren
1441 4494 1595 4551 deminum
1620 4495 1882 4569 compostell-auum
1950 4498 1951 4571 l

185 4578 551 4649 toriumoperisecclesia
565 4580 1010 4640 u.tucouitotaliterremansit.
1068 4581 1204 4638 obnixius
1219 4581 1391 4651 deprecatus
1405 4591 1458 4649 est,
1473 4586 1885 4654 quatenussibicuusilrurriet
1950 4574 1951 4657 l

184 4675 214 4726 ct
229 4669 410 4741 privilegium
424 4685 505 4725 nsua
519 4686 572 4726 avo
580 4679 690 4741 regen.
701 4670 802 4727 datum
814 4677 842 4726 et
852 4674 1011 4745 sancitum,
1067 4670 1208 4726 auxilium
1225 4671 1260 4725 ud
1277 4687 1363 4727 suum
1380 4688 1502 4744 reguum
1520 4676 1732 4745 acquirendum
1758 4683 1788 4731 st
1813 4680 1883 4733 obti-

184 4757 411 4821 contlrruavit,et
422 4757 537 4829 propria
547 4759 855 4816 manaranoavusru
865 4762 1011 4819 contentio
1067 4760 1196 4817 nendum
1211 4760 1364 4830 conterret,
1377 4770 1404 4816 et
1415 4779 1481 4816 cum
1494 4764 1731 4835 archiepiscopis,
1745 4767 1882 4837 episcopis

186 4847 222 4903 dc
238 4851 356 4903 moneta
370 4846 610 4918 Compostellane
626 4847 751 4906 civitatis
765 4850 841 4906 inter
862 4867 958 4923 regem
983 4856 1013 4908 st
1066 4856 1096 4905 et
1111 4854 1191 4905 torre
1207 4850 1400 4920 potestatibus
1415 4850 1451 4906 de
1465 4857 1542 4906 statu
1553 4868 1646 4923 ipsius
1657 4854 1738 4924 regni
1751 4854 1778 4907 in
1791 4854 1881 4908 cunci·
1950 4890 1951 4899 η

185 4936 440 5008 archiepiscopum
457 4934 556 4992 habita
570 4936 690 4992 omnino
706 4938 803 5011 sopita
814 4949 868 4998 est.
1067 4938 1107 4994 lio
1121 4942 1230 5011 ageret,
1245 4943 1274 4993 et
1289 4939 1359 5010 quia
1373 4954 1405 4995 se
1419 4954 1505 4995 suam
1522 4956 1639 4996 uxorem
1665 4958 1722 4998 non
1748 4941 1882 5014 legitime,
1950 4972 1951 5009 r

496 5023 614 5081 CAPUT
629 5024 701 5082 XIV.
1067 5031 1168 5099 utpote
1183 5027 1377 5099 propinquam
1392 5043 1479 5083 suam
1493 5028 1568 5100 (idi)
1583 5029 1690 5087 babere
1704 5032 1825 5099 sciebat,
1836 5033 1882 5087 do·

188 5117 296 5174 Crcutiu
311 5114 428 5172 lionoru‘
438 5111 468 5168 in
484 5129 596 5186 popum,
611 5122 637 5170 et
652 5116 746 5171 missio
761 5116 845 5188 legati
859 5118 890 5172 in
908 5117 1011 5189 Hirpo-
1066 5116 1181 5172 minum
1195 5115 1446 5189 archiepiscopum
1459 5116 1596 5173 obnixius
1606 5118 1844 5190 deprecaturae,
1855 5124 1884 5175 ut

383 5206 470 5267 utura,
485 5206 510 5258 et
531 5203 680 5259 celebratio
694 5204 815 5262 runcdii.
1066 5206 1091 5262 si
1106 5205 1201 5278 ipsius
1216 5207 1257 5261 rei
1270 5207 1379 5261 mantio
1394 5207 1423 5261 in
1439 5209 1563 5262 concilio
1580 5208 1671 5276 tieret,
1688 5225 1720 5263 se
1733 5214 1761 5264 et
1784 5225 1836 5280 per
1856 5224 1884 5264 se
1950 5232 1951 5243 ¹

222 5297 364 5353 Detunctu
395 5298 565 5349 venerande
595 5295 744 5349 memoria
776 5309 852 5365 papa
889 5294 1010 5360 calixto,
1065 5292 1882 5366 etperauosanrioosadiuvaretetmnnutcneret.Gurri·

226 5437 300 5509 (lud)
318 5436 380 5492 Lib.
398 5453 417 5503 1,
433 5452 458 5491 c.
471 5436 516 5490 29.
1065 5438 1182 5496 silentio
1198 5439 1301 5507 ierant,
1318 5438 1359 5494 uti
1375 5437 1509 5494 illicitum
1527 5437 1629 5497 matris
1643 5440 1836 5513 connubium,
1846 5440 1884 5498 eia

228 5508 301 5577 (167)
317 5506 403 5561 Nulla
417 5508 453 5562 de
468 5507 522 5561 bac
537 5506 753 5564 necessitudine
770 5508 847 5580 apud
858 5506 931 5565 alios
946 5509 1011 5580 ejus
1066 5512 1280 5583 relragantibus
1294 5509 1427 5567 solutum
1445 5512 1583 5569 ostendit.

192 5579 244 5633 cavi
260 5576 379 5642 mentio,
395 5591 448 5633 nec
462 5576 486 5632 si
503 5577 679 5647 presulibus
694 5587 771 5649 nota,
787 5586 847 5637 tam
863 5579 921 5637 alto
945 5597 1011 5637 eam
