3950 6034
105 200 170 262 oto
453 204 640 269 ntsrosln
660 205 1007 274 contueremur.
1030 243 1069 260 ··-
1090 212 1167 276 LlB.
1191 214 1215 278 1.
1238 249 1277 261 -
1298 219 1363 279 AN.
1387 218 1477 280 trio.
1763 222 1825 286 bib

103 335 362 404 semoverunt3sx
372 352 430 409 quo
440 337 581 394 nimirum
593 338 701 396 iooold.
710 340 828 399 tratrem
836 359 937 412 sunm,
952 343 979 413 Α
998 343 1044 403 nia
1055 344 1151 418 iubilo
1167 348 1348 417 concinebat,
1365 349 1443 421 quud
1459 349 1483 408 si
1499 350 1662 423 exprimere
1675 350 1773 424 vellet,
1790 352 1821 409 tu

103 426 136 478 st
150 425 184 477 P.
200 422 341 480 insidens
358 425 394 481 ad
406 431 536 484 castrum
547 428 667 485 Honesti
679 430 845 488 dedendum
857 432 937 490 dira·
994 434 1187 491 describendo
1199 437 1290 492 nostri
1316 434 1425 509 eloquii
1450 440 1524 495 ratlu
1543 443 1625 496 tanto
1644 439 1736 497 labori
1749 456 1819 497 suc·

101 511 160 581 xit,
176 516 205 569 et
221 512 354 572 deditum
368 515 477 590 froyla
488 517 641 586 lieniudiz,
655 520 705 591 qui
720 520 793 577 illud
809 538 845 578 ex
857 527 940 595 parts
994 522 1154 580 eumberet.
1171 523 1280 581 Cetera
1295 525 1423 598 deniqne
1438 525 1656 584 adolescentum
1668 527 1825 586 multitudo

105 602 183 658 Aria
199 603 373 675 susciperet,
388 606 444 663 snb
471 607 552 663 omni
576 607 701 681 imperio
723 610 806 668 reddi
832 628 939 685 praue·
995 627 1062 669 cum
1077 610 1196 684 hymnis
1218 618 1306 686 atque
1330 612 1480 670 dulcifluis
1504 614 1664 673 harmonias
1691 615 1825 675 melodiis

104 691 164 763 pit.
994 701 1059 773 ejus
1069 705 1173 773 optatu
1185 703 1344 775 presentie
1353 704 1583 778 congaudentes,
1592 721 1687 777 usque
1696 706 1732 761 sd
1741 710 1825 762 Gom·

433 786 547 843 claun
562 787 613 844 nx,
994 789 1184 861 postellanam
1194 789 1347 849 ecclesiam
1358 808 1426 850 oum
1436 808 1470 850 eo
1481 795 1627 850 cautando
1637 793 1824 865 perveniunt.

341 873 554 933 deliberatione
568 876 696 951 episcopt.
992 876 1022 934 ln
1040 895 1099 950 qua
1112 880 1249 951 equidem
1265 881 1390 938 eccleeia
1402 881 1427 939 si
1440 886 1529 939 antea
1544 882 1725 939 subditorum
1748 897 1825 939 cure

139 960 217 1018 Dum
234 961 296 1019 hec
312 968 480 1037 agerentur,
495 967 531 1022 Α.
547 965 639 1023 Petris
648 965 727 1024 intra
738 983 878 1026 arcanum
891 969 937 1027 sul
993 969 1093 1026 minus
1106 986 1196 1042 quam
1212 970 1313 1028 debuit
1325 972 1503 1046 invigilabit,
1515 973 1614 1031 divino
1627 973 1719 1030 lullus
1730 976 1826 1046 patro.

100 1050 203 1107 cordis
216 1052 435 1125 premeditans,
451 1054 573 1126 prelata
587 1060 685 1113 castre
708 1072 741 1114 ee
766 1055 937 1115 nullatenus
993 1059 1071 1116 oioio
1086 1063 1186 1131 postea
1200 1060 1342 1133 quidquid
1352 1062 1382 1118 in
1394 1061 1522 1119 subditis
1532 1062 1748 1119 emendandum
1760 1078 1826 1121 esse

100 1155 191 1211 posse
207 1140 333 1198 retinere
356 1147 476 1215 sumpto
503 1141 616 1201 meliori
631 1148 660 1200 et
675 1144 786 1202 utiliori
799 1144 936 1216 consilio,
993 1149 1148 1220 persensit,
1165 1148 1270 1205 baculo
1287 1150 1442 1220 pastoralis
1465 1167 1543 1209 cursa
1566 1150 1700 1218 correxit,
1724 1152 1825 1208 divina

96 1229 226 1288 barones
240 1247 311 1289 suos
326 1233 370 1289 sic
385 1232 569 1306 alloquitur:
584 1256 599 1284 a
618 1234 691 1293 Utile
715 1234 788 1291 mihi
803 1237 887 1293 vaide
909 1238 940 1294 et
992 1235 1044 1293 Del
1059 1237 1153 1310 gratia
1167 1237 1311 1311 largiente
1324 1238 1375 1309 qui
1391 1239 1461 1296 vivit
1476 1256 1565 1314 regns
1584 1240 1613 1296 iu
1639 1239 1747 1297 secula
1769 1257 1826 1297 se·

97 1317 378 1378 necessariumesse
392 1320 539 1390 existimo,
563 1323 642 1395 quod
665 1323 797 1382 dimissis
821 1324 928 1382 castris
992 1323 1139 1383 culorum.
1155 1328 1257 1385 lmen.

99 1406 274 1481 episcopum
289 1407 416 1466 liberum
428 1411 661 1484 iressperrnitlam,
672 1412 748 1470 etde
758 1412 838 1470 illato
850 1415 875 1470 ei
885 1414 922 1471 de

101 1496 208 1555 decore
221 1497 435 1572 qualemame
451 1502 580 1574 exegerit
589 1503 739 1575 iustitiam
756 1501 858 1560 libenti
869 1503 935 1561 aul·
1153 1563 1158 1573 ¹
1295 1454 1411 1577 ΨΜ,
1431 1455 1517 1574 Μ]
1590 1564 1595 1577 ,
1719 1564 1725 1577 .

103 1602 155 1642 mo
169 1588 274 1644 laoiam
283 1607 291 1658 ς
301 1604 402 1646 verum
412 1593 532 1659 etenim,
545 1607 581 1648 ne
591 1591 620 1648 id
641 1592 719 1663 quod
731 1593 853 1650 verebar
866 1592 937 1650 mihi
1044 1561 1082 1619 θ’
1094 1577 1171 1638 ΡΜ*
1183 1564 1387 1635 ”mmmm
1399 1568 1458 1637 9⁰⁸²
1483 1563 1674 1622 lilmlll'ilm
1696 1581 1768 1636 ΒΜ·

101 1678 937 1752 eveniatbactempeatste,tresdeliratribussnisllunio-
950 1710 975 1777 B
1027 1691 1186 1760 Postquam
1206 1703 1275 1760 ergo
1299 1687 1331 1743 in
1360 1704 1408 1745 era
1431 1705 1450 1745 r.
1476 1705 1502 1745 c.
1526 1704 1625 1745 anxur.
1651 1688 1707 1760 (bd)
1727 1687 1822 1745 Vsus·

100 1781 181 1837 nem,
195 1766 329 1826 videlicet
344 1769 479 1828 licelesie
492 1776 523 1828 Β.
534 1772 635 1829 lsoobl
648 1770 876 1844 thesaurarium,
902 1777 932 1831 st
990 1774 1093 1832 rabilis
1107 1779 1137 1831 D.
1148 1775 1324 1850 Apostolice
1338 1777 1416 1834 sadis
1432 1778 1474 1847 (ut
1484 1776 1549 1848 jam
1564 1776 1676 1833 dictum
1687 1776 1742 1847 est)
1756 1776 1818 1848 epi·

98 1856 218 1914 Petrum
234 1856 436 1927 Gelmiridem,
451 1868 479 1917 et
495 1860 614 1918 lratrem
630 1862 864 1933 elusloannem,
890 1863 928 1920 ad
988 1864 1379 1937 scopussaupradictornm
1395 1866 1529 1938 captione
1553 1865 1735 1938 proditorum
1760 1868 1815 1921 Do·

100 1946 338 2018 tempusmibiiu
348 1947 465 2006 obsides
476 1965 564 2020 quem
576 1950 663 2007 citius
674 1951 767 2022 iverit,
778 1951 851 2007 mihi
863 1952 932 2009 mit·
988 1954 1069 2010 mine
1083 1952 1226 2010 liberante
1241 1953 1364 2011 eductus
1388 1959 1443 2021 est,
1465 1955 1511 2009 uir
1533 1955 1646 2011 scilicet
1670 1955 1815 2009 immense

99 2039 163 2092 tere
183 2052 240 2092 non
266 2042 438 2095 remoretur.
464 2040 622 2096 Intereat).
648 2040 882 2111 archidiaconus,
905 2044 933 2098 et
987 2041 1812 2115 bonitateconspicuus,prudentiadiscretus,tempersu

102 2124 132 2179 P.
149 2122 287 2195 desides,
302 2129 331 2181 et
345 2124 379 2184 P.
398 2125 591 2195 Vimariades,
606 2128 698 2184 donee
721 2128 778 2201 ipsi
799 2129 930 2196 veniant,
986 2131 1187 2204 deprobatum
1198 2131 1652 2203 lortitudioeconstans‚juatitia
1663 2129 1816 2204 rigidueet

97 2228 215 2270 mecum
245 2222 427 2272 remaneant.
451 2237 467 2267 s
490 2213 581 2287 Culus
602 2216 741 2274 nimirum
767 2233 873 2275 sanum
901 2221 930 2275 at
986 2220 1124 2277 universa
1138 2236 1251 2277 morum
1267 2219 1420 2277 honestate
1435 2220 1685 2292 preclarus,tauto
1699 2218 1815 2276 sumda

97 2301 250 2376 egregium
270 2303 438 2373 consilium,
461 2304 598 2373 qnoniam
623 2321 725 2362 omnes
749 2306 796 2363 sui
816 2306 924 2364 milites
986 2309 1096 2381 perlida
1111 2308 1421 2380 captiouelveniantem
1437 2309 1582 2376 clerus,et
1594 2307 1718 2379 populus
1730 2310 1815 2363 Gom·

99 2391 594 2464 eqnanlmiterlaudaverunt,oum
605 2393 931 2468 maximsaornmparte
985 2396 1114 2470 postella
1128 2396 1265 2463 civitatis,
1282 2399 1432 2466 mulieres,
1453 2403 1483 2455 et
1507 2397 1619 2470 parvuli
1643 2403 1816 2469 receperunt

98 2480 241 2553 prelatus
256 2480 413 2554 episcopus
428 2484 529 2539 eadem
542 2482 589 2540 die
600 2488 730 2540 castrum
743 2500 831 2541 suum
842 2485 928 2543 bone·
984 2487 1103 2560 gaudio,
1117 2492 1227 2559 quanto
1241 2503 1362 2544 sonores
1380 2487 1476 2545 Lazari
1492 2502 1578 2545 suum
1599 2487 1716 2544 fratrem
1742 2503 1815 2558 qua·

98 2573 180 2627 stum
198 2585 264 2627 curn
280 2570 392 2643 ingenti
408 2588 517 2644 pompa
541 2572 695 2630 dediturus
715 2573 844 2632 intrarit.
868 2576 930 2642 Ono
985 2575 1154 2633 triduanum
1166 2576 1360 2633 resuscitante
1374 2575 1807 2647 DominoSslratoresuscipere

97 2658 236 2731 equidem
259 2658 388 2717 intrante
417 2676 484 2717 oum
512 2662 605 2717 cirula
631 2660 729 2718 cordis
753 2661 930 2734 iubilatlone
984 2663 1814 2737 merueruntbnrneuimpersolosqninquediesaauis

98 2747 205 2820 ingens
220 2764 343 2805 suorum
359 2748 486 2805 militum
508 2750 666 2807 multitudo
695 2766 763 2807 oum
788 2752 928 2824 suscepit.
983 2752 1174 2815 traditoribus
1189 2752 1258 2826 (heu
1274 2753 1431 2826 luciensi),
1448 2755 1478 2809 iu
1500 2752 1633 2809 custo-iia
1654 2757 1813 2822 teneretur,

96 2836 166 2901 Qus
176 2835 491 2909 videlicetmnltitndo,
503 2839 613 2897 lanceis
623 2843 652 2896 et
662 2838 770 2913 gladiis
780 2843 810 2896 et
819 2840 929 2914 clypeis
983 2843 1070 2900 nbicu
1080 2859 1163 2917 nque
1177 2843 1242 2916 ejus
1254 2842 1428 2900 audiebatur
1439 2842 1570 2913 traditio,
1586 2844 1720 2917 protinus
1735 2843 1813 2899 oris-

97 2929 249 3000 exoruata,
259 2925 463 2984 diverticulum
474 2928 610 2999 petendo,
620 2927 651 2984 in
660 2927 840 3000 quibusdam
847 2929 929 2986 abdi·
982 2930 1092 2989 bantur
1100 2946 1212 3003 preces,
1222 2931 1328 2989 luroris
1341 2930 1478 3004 impetus,
1490 2947 1655 3004 ancepsque
1665 2930 1793 2988 turbatio

98 3016 137 3073 tis
153 3033 185 3073 ae
213 3016 364 3090 sapienter
389 3015 570 3086 occuluerat,
598 3023 632 3075 ut
659 3017 685 3075 sl
713 3018 785 3075 lorte
807 3019 926 3076 tumultu
983 3021 1138 3079 incivitate
1148 3021 1293 3094 siquidem
1303 3021 1539 3093 Compostellaua
1549 3021 1592 3078 illi
1602 3021 1711 3095 quibus
1721 3022 1815 3077 maxi-

99 3111 231 3165 oestrum
247 3107 358 3165 milites
372 3108 448 3165 Arias
461 3108 654 3181 susciperent,
671 3107 729 3181 ipsi
754 3124 822 3166 oum
847 3109 927 3167 omni
984 3110 1331 3183 meprobitatisstndium
1342 3110 1409 3167 odio
1420 3109 1816 3183 sernpereasesolet,adtan·

99 3197 249 3255 celeritate
263 3198 413 3255 venientes
425 3213 462 3255 ns
476 3202 608 3255 castrum
625 3197 748 3255 necibus
762 3197 930 3272 implerent,
984 3208 1043 3259 tarn
1054 3197 1151 3256 subito
1165 3196 1352 3255 insolentiam
1361 3197 1604 3267 conscenderent,
1616 3197 1694 3271 quod
1705 3197 1735 3253 in
1747 3197 1816 3254 reli·

104 3286 337 3360 circumquaque
348 3285 528 3355 obsiderent,
544 3290 573 3343 et
583 3287 738 3343 obsessum
751 3286 933 3343 unanimiter
985 3286 1084 3360 mosas
1107 3286 1243 3344 Ecclesia
1274 3302 1415 3359 personas
1446 3286 1572 3344 uetando
1604 3285 1817 3359 conspiratione

101 3377 316 3448 expugnarent.
331 3379 453 3432 Peracta
465 3375 557 3447 igitur
569 3375 703 3446 ejusdem
716 3376 810 3432 noctis
821 3374 932 3448 latitia,
985 3378 1140 3449 insurgere
1156 3375 1317 3442 audebant,
1331 3377 1522 3449 assultusque
1532 3376 1563 3432 in
1579 3374 1700 3433 clericos
1711 3376 1816 3443 lacero,

101 3482 226 3523 suorum
246 3465 373 3523 militum
388 3466 493 3522 robore
506 3463 933 3538 vallatus,sequentidlaapud
987 3465 1069 3522 nulla
1083 3464 1256 3534 reverantia,
1271 3462 1318 3520 vei
1334 3465 1501 3532 lormidiue,
1526 3464 1710 3521 dubitabant,
1735 3462 1817 3520 Unde

102 3555 192 3612 iriam
209 3570 268 3611 non
284 3554 385 3611 minue
397 3553 560 3612 honorifice
577 3557 735 3627 susceptus
749 3557 795 3611 est
808 3578 817 3623 t
831 3570 865 3610 ex
875 3570 933 3627 qun
988 3555 1154 3613 factumest
1170 3558 1203 3610 ut
1215 3553 1372 3625 quemdam
1386 3558 1415 3610 Β.
1439 3553 1542 3611 Jacubl
1565 3553 1817 3614 archidiaconum,

100 3644 244 3701 nimirum
260 3642 323 3701 loco
337 3647 400 3701 tres
415 3644 519 3701 tratres
534 3659 606 3700 suos
620 3642 657 3700 ad
671 3644 809 3700 eumdem
823 3642 935 3715 Ariarm
988 3644 1166 3702 catholicum
1180 3641 1293 3699 scilicet
1307 3648 1336 3699 et
1350 3641 1479 3699 nobilem
1494 3642 1602 3708 virum,
1617 3659 1635 3699 a
1650 3641 1819 3715 praeiaglu·

101 3732 188 3804 juxta
202 3731 327 3804 prelata
343 3731 514 3804 sponsionis
540 3731 774 3798 conventionem,
803 3730 936 3788 celeriter
988 3733 1110 3790 touibus
1124 3730 1249 3788 civitatis
1263 3729 1293 3786 in
1310 3731 1398 3787 domo
1414 3747 1469 3786 sus
1491 3730 1721 3798 circumdatum,
1747 3731 1821 3788 lalss

105 3819 275 3888 destinauit,
292 3827 439 3891 quatenus
467 3818 542 3877 aliea
571 3824 632 3876 tres
660 3819 710 3894 qni
740 3819 846 3877 borum
873 3820 936 3877 vioe
989 3820 1186 3895 suspicatione
1202 3817 1815 3887 interficereroluernut.Attamenraritas,

101 3926 170 3968 eum
182 3926 216 3967 eo
238 3912 453 3978 remanserant,
479 3908 543 3981 ipse
568 3908 632 3966 sine
656 3925 737 3966 mora
763 3908 935 3967 exsolveret
989 3927 1053 3984 quar
1068 3926 1144 3981 sape
1156 3906 1269 3966 solebat
1281 3906 1398 3963 millum
1413 3906 1515 3965 coitari
1528 3906 1777 3976 archidianonum,
1788 3907 1819 3963 in

102 4015 178 4071 quus
193 3998 276 4070 qussi
287 3997 440 4058 avinculis
449 3997 601 4056 absolutos
614 3998 785 4056 veneranda
798 3998 937 4072 presulis
989 4004 1070 4057 tanto
1085 3996 1256 4056 discrimine
1270 3999 1433 4054 amatorem
1447 4013 1534 4053 suum
1555 3996 1689 4053 deserere
1712 3995 1819 4063 noluit,

106 4088 262 4162 presentia
276 4103 343 4144 curu
357 4087 438 4143 ornoi
453 4086 603 4144 alacritate
614 4088 756 4161 suscepit.
990 4105 1077 4163 quern
1085 4086 1228 4158 abimpiis
1236 4084 1444 4157 sacrilegorum
1452 4085 1585 4141 manibus
1593 4083 1821 4142 misericorditer

420 4175 531 4233 carun
551 4175 624 4232 titt.
988 4172 1818 4251 liberavit.llostamenquitautadebristiinsanlsdebac·

184 4265 319 4324 Gaudium
335 4265 567 4339 compostellam
582 4264 851 4339 odoenteeptrcopi.
987 4266 1163 4336 chabantur,
1179 4263 1298 4321 assiduo
1314 4262 1487 4321 clericorum
1503 4262 1622 4320 servitio
1647 4261 1817 4319 subdendos

142 4357 325 4414 itubesoente
340 4353 631 4427 itaquetertieluois
650 4370 767 4425 aurora,
792 4371 858 4411 cum
884 4354 940 4412 iter
990 4355 1117 4427 stragis
1133 4352 1283 4425 potestatis
1306 4354 1422 4409 decreto
1446 4351 1594 4408 sancitum
1619 4355 1675 4418 eat,
1695 4355 1724 4407 et
1748 4366 1818 4423 apo·

108 4464 196 4507 snum
210 4443 437 4518 Compostsllam
453 4443 633 4515 disponeret,
648 4443 754 4517 ingens
778 4444 933 4516 utriusque
947 4441 971 4508 D
986 4443 1093 4501 stolioe
1111 4442 1295 4499 auctoritatis
1310 4439 1462 4513 prirllegio
1487 4439 1703 4509 confirmatum,
1728 4445 1761 4498 ut
1787 4438 1819 4495 iu

108 4552 196 4594 sexus
212 4530 937 4604 multitudoadivcrsispartibus,quasisdtotiue
992 4531 1124 4606 legitimo
1148 4532 1180 4587 s.
1206 4530 1330 4602 apostoli
1354 4529 1487 4601 catalogo
1517 4529 1659 4599 seriptum
1695 4529 1819 4587 inueniri

109 4624 266 4700 provincie
281 4630 437 4696 patronum
452 4620 581 4678 totaliter
594 4619 755 4690 confluens,
772 4624 808 4678 ad
831 4621 935 4679 miliia·
993 4623 1099 4694 potest.
1116 4619 1320 4677 Verumtamen
1332 4618 1469 4690 pontillce
1482 4618 1513 4676 in
1524 4619 1674 4677 suaesedis
1684 4620 1822 4678 cathedra

112 4716 190 4773 rium
205 4728 359 4785 usquequo
374 4708 580 4769 desiderabilis
595 4715 704 4767 sancte
714 4710 840 4768 civitatis
861 4710 937 4769 situs
993 4710 1093 4767 divina
1107 4711 1258 4766 revocante
1273 4709 1368 4781 gratis
1381 4707 1530 4775 collocato,
1547 4725 1614 4766 mox
1639 4711 1820 4781 prosperitas

109 4803 296 4878 prospicitur,
304 4802 369 4873 ejus
382 4805 512 4873 optatam
529 4799 715 4870 praesentiam
730 4800 868 4857 comitata
882 4805 937 4857 est:
994 4799 1209 4874 aliquantisper
1223 4797 1382 4854 subsecuta
1393 4800 1448 4862 est,
1463 4802 1492 4852 st
1501 4796 1643 4856 bellicose
1655 4798 1823 4856 fluctuatio-

109 4894 149 4951 sd
162 4909 226 4967 qne
237 4890 377 4947 nimirum
388 4889 451 4946 loca
461 4903 529 4944 cnm
541 4887 938 4962 auxiliatrioetteigratia,uti
993 4904 1047 4945 nes
1075 4886 1226 4952 (tellecta,
1242 4884 1467 4957 irequenteeque
1480 4886 1625 4942 tumultus
1640 4887 1766 4944 oimtstls
1776 4902 1824 4958 pa·

108 4980 197 5056 paulo
212 4978 349 5049 superius
363 4975 591 5050 prelibavimus,
617 4976 808 5048 pervenisset,
838 4977 936 5035 omnis
994 4992 1115 5049 rumper
1130 4974 1312 5047 quieverunt.
1329 4973 1395 5031 lise
1423 4988 1529 5047 nempe
1552 4974 1661 5032 idcirco
1690 4974 1823 5031 evenisse

113 5065 507 5142 Compestelianorumturba
518 5081 584 5120 oum
596 5066 940 5137 tympanieetcitharisst
979 5071 1146 5139 putamus,
1156 5061 1298 5136 quoniam
1308 5062 1464 5119 lsoiooroei
1476 5061 1581 5118 realem
1594 5062 1820 5134 presulisultlo·

113 5156 237 5216 diversis
252 5156 432 5213 musicorum
445 5154 652 5209 instrumentis
667 5158 830 5219 cantames,
851 5162 939 5228 atque
994 5172 1062 5212 nem
1077 5153 1318 5218 animadvertere,
1335 5152 1403 5209 boni
1418 5151 1471 5207 viri
1483 5165 1548 5206 vero
1562 5152 1627 5221 ejus
1637 5149 1821 5208 dilectionem

112 5252 150 5305 de
170 5247 278 5317 recepti
307 5245 434 5317 pastoris
456 5240 659 5297 incolumitate
682 5259 816 5312 superae
839 5244 939 5314 pietati
993 5244 1128 5300 amittere
1142 5243 1312 5298 metuebant
1329 5259 1337 5310 ;
1352 5241 1423 5312 quin
1439 5240 1527 5294 etism
1542 5238 1683 5295 comitum
1704 5245 1821 5297 cetero·

111 5337 210 5396 laudis
226 5333 372 5408 praeconia
389 5329 599 5405 persolventes,
614 5328 640 5383 ei
655 5329 770 5386 obmarn
781 5331 867 5387 exirit
877 5351 885 5401 ς
896 5333 937 5388 in·
995 5347 1123 5404 rumque
1136 5330 1270 5388 Gaiieoie
1285 5331 1446 5403 primatum
1463 5326 1581 5400 negotia
1594 5330 1629 5384 ad
1649 5328 1822 5402 episcopum

112 5442 237 5486 numera
253 5436 380 5496 namque
390 5422 535 5494 Juvenum
549 5422 664 5476 caterm
678 5423 759 5475 tanto
770 5419 939 5480 exsultatio-
994 5421 1174 5479 relersbatur
1188 5419 1252 5492 etus
1268 5416 1390 5475 oonsilio
1404 5420 1434 5474 et
1448 5415 1561 5474 ratione
1584 5416 1768 5487 dildnianda,
1792 5423 1823 5477 et

150 5533 208 5606 (68)
223 5530 349 5588 Codices
364 5529 422 5586 duo
435 5544 488 5584 rm
503 5542 556 5601 pro
571 5540 634 5594 vrrr,
651 5526 703 5582 ssd
719 5541 871 5599 perperam
883 5545 892 5601 ;
906 5544 984 5591 anne
1001 5529 1112 5604 quippe
1127 5541 1190 5599 seq.
1206 5540 1294 5582 eram
1309 5539 1413 5582 scama
1432 5522 1578 5598 scribunt,
1593 5541 1654 5599 esp.
1669 5527 1715 5584 73.
