3950 6034
147 247 234 337 ‘rosi
666 259 873 337 aporema,
897 235 1075 325 nocebis
1098 259 1148 327 ar
1167 265 1349 332 enniani
1771 245 1865 332 ‘rona

157 404 270 462 litteras
286 398 416 477 predicti
439 395 666 470 Campostellnni
689 396 830 471 episcopt,
860 399 890 454 et
915 412 981 470 que
998 398 1024 464 Α
1039 396 1166 469 gloriose
1182 405 1299 458 caterva
1313 399 1536 459 monachorum.
1552 401 1635 458 'lunc
1649 401 1863 474 magnechari-

158 491 416 552 necensarin'iuere
434 493 465 544 nt
479 488 667 557 adderentur,
683 485 778 558 palam
809 504 843 543 ac
872 489 982 543 secreto
1037 485 1422 565 tatisnratlaeempunatus
1439 489 1596 565 prostravit
1623 506 1656 548 ac
1685 489 1770 548 humi
1792 507 1862 550 eum

157 585 280 656 insuper
291 580 412 638 addidit.
430 577 570 632 Predicio
585 578 672 633 etiam
681 575 866 633 cluniacensi
881 574 982 631 abbati
1038 574 1175 650 lacrymis
1190 595 1287 637 cerani
1303 581 1409 637 abbate
1424 583 1454 637 et
1482 578 1666 636 cluniacensi
1689 587 1837 638 conventu
1855 597 1865 641 t

157 672 272 729 litteras
284 676 313 727 et
324 668 496 737 intersignia
507 682 570 737 qua
580 667 744 721 necessaria
754 671 839 721 erant
850 662 981 721 contulit.
1038 672 1259 738 prostraverunt
1272 685 1398 743 namque
1411 684 1442 726 se
1457 669 1549 727 abbas
1564 677 1591 726 et
1620 669 1754 727 monachi
1776 670 1864 728 miae·

159 766 235 819 Sane
251 777 369 818 neccsse
384 762 447 815 erat
463 763 493 812 ut
508 755 599 813 abbas
609 754 808 813 cluniacensis
830 753 982 828 Hugonem
1038 753 1192 815 ricerditer
1206 777 1287 834 pape
1309 760 1511 834 supplicantes
1525 766 1558 816 ut
1572 765 1722 834 surgerem
1737 759 1867 835 denique

162 851 406 925 portugalensem
419 847 590 922 episcopum
606 845 911 902 scirctessenuntium
923 846 983 917 epi·
1040 845 1130 902 erexit
1143 862 1175 903 ss
1192 864 1277 921 papa,
1292 849 1381 906 erexit
1396 866 1428 906 so
1440 865 1556 923 queque
1570 850 1660 906 abbas
1676 865 1742 907 cum
1760 868 1866 909 mene·

161 942 242 1014 eropi
257 942 285 999 S.
299 937 413 1009 iacobi,
428 942 461 993 at
476 935 642 1009 pecuniam,
658 951 747 1006 quarn
763 934 817 991 sibi
835 949 985 991 reservan·
1040 932 1308 1011 chis.Tuncpspe,
1325 955 1415 995 manu
1444 939 1595 996 silentium
1624 938 1768 1011 indicens,
1797 939 1868 998 ait:

162 1033 231 1088 dam
243 1025 525 1096 cenzmiseramus,el
535 1027 715 1084 attribueret.
727 1023 859 1090 Ouedita
874 1024 983 1081 facturn
1041 1045 1055 1075 o
1066 1027 1193 1093 Fratres,
1209 1032 1297 1099 atque
1318 1027 1371 1084 lilii
1386 1028 1415 1084 in
1441 1027 1556 1085 cbristo
1567 1027 1732 1086 charissimi
1745 1047 1778 1086 :a
1793 1029 1868 1086 licea

151 1126 216 1210 lest.
1042 1116 1321 1187 aquambennmet
1334 1118 1740 1191 quamjucundumbabitare
1758 1120 1867 1177 fratrea
1955 1135 1956 1198 3

464 1224 581 1282 cpppp
607 1225 684 1281 xpp,
1043 1225 1058 1254 o
1069 1204 1098 1260 in
1113 1220 1206 1262 unum
1222 1206 1306 1271 irre.
1322 1206 1422 1279 xxxii).
1438 1205 1576 1263 »Bonum
1587 1211 1633 1264 est
1654 1213 1741 1281 atque
1760 1207 1868 1266 saluti-

150 1375 155 1384 ,
197 1319 235 1377 lle
247 1318 393 1376 schismate
406 1324 433 1374 et
449 1314 676 1371 reconciliatione
697 1312 801 1371 colisti
822 1328 904 1387 pcpae
924 1316 951 1370 et
1043 1292 1138 1349 ‘⁰³¹¹OE
1149 1294 1178 1349 5¹¹
1192 1311 1250 1351 ¹¹⁰⁸
1264 1293 1415 1353 ⁰h⁸fll⁸ll⁸
1430 1295 1524 1368 cmliii
1538 1312 1593 1353 ⁰0⁸
1603 1296 1788 1367 0⁰h⁸bllmt
1813 1298 1868 1355 1³⁰·

154 1405 156 1412 ’
415 1387 600 1444 cloniacensis
615 1384 733 1443 obieris.
1044 1400 1113 1441 nom
1123 1390 1340 1461 estnesutpete
1350 1386 1464 1444 diversa
1476 1388 1609 1445 membra
1623 1386 1675 1445 uni
1697 1387 1798 1462 ospiti,
1813 1386 1867 1446 sel·

203 1482 281 1538 Inter
295 1477 439 1534 Calirtum
457 1492 560 1548 papam
577 1481 606 1531 et
620 1475 650 1531 P.
666 1474 739 1549 (123)
763 1474 987 1532 cluniacensem
1043 1471 1423 1545 liostcbristooabsarvirs,
1438 1485 1467 1534 et
1479 1494 1536 1533 une
1558 1477 1645 1534 corde
1659 1483 1689 1534 et
1700 1477 1868 1535 unaanima

167 1571 298 1628 abbatem
311 1569 380 1624 clim
392 1568 476 1639 qussi
489 1564 625 1621 simulata
635 1563 988 1636 dilectionissperieslue·
1045 1580 1137 1620 unum
1149 1581 1327 1638 cerpusesse
1336 1564 1366 1622 in
1378 1566 1762 1636 christe5sicutenirnaitB.
1778 1566 1867 1626 taso·

168 1665 222 1715 rat.
239 1657 337 1715 Electa
349 1658 689 1728 namqueetcensecrato
701 1651 831 1710 caldone
842 1652 987 1709 Viennen-
1045 1653 1101 1711 bus
1116 1654 1286 1727 apestolus:
1303 1676 1318 1707 o
1344 1651 1398 1712 Ubi
1425 1653 1513 1713 luerit
1526 1655 1607 1713 aelus
1617 1659 1814 1728 etecntentlc,
1826 1655 1868 1713 ibi
1955 1635 1956 1658 ¹

96 1811 100 1818 ,
166 1750 190 1807 si
209 1747 438 1819 archiepiscope,
464 1749 493 1800 et
516 1742 646 1801 cluniaci
674 1742 705 1798 in
725 1759 830 1815 papam
844 1740 986 1799 calistum
1004 1759 1027 1840 B
1045 1765 1060 1795 (ι
1072 1743 1492 1818 inconstantia,etemneopns
1506 1761 1626 1822 pravum
1638 1745 1706 1822 (foc.
1724 1763 1766 1816 nr,
1783 1745 1837 1818 lc).
1849 1765 1866 1797 a

166 1838 350 1896 carcrisiam
368 1833 507 1891 Romanis
536 1851 624 1906 quam
654 1831 868 1906 Allobrogibus,
898 1848 987 1904 quarn
1042 1856 1105 1884 -o
1123 1832 1679 1903 cinnamomoorontoliarorus
1702 1838 1865 1910 apestolus,
1955 1811 1956 1828 ³

165 1927 319 1998 Aquitania
330 1922 850 1996 clericissalainiaquiinteriuerant,
866 1919 987 1978 electio·
1041 1944 1056 1973 a
1073 1940 1131 1979 non
1148 1924 1242 1991 vacui,
1258 1924 1384 1981 necsine
1407 1923 1542 1981 fructuln
1555 1923 1670 1983 Domini
1683 1925 1775 1983 nestri
1789 1924 1860 1983 lesu

164 2035 230 2075 nem
242 2023 271 2073 et
285 2015 535 2072 consecrationem
547 2015 614 2084 ejus
626 2012 870 2085 approbantibus,
887 2011 987 2084 predi·
1041 2033 1056 2064 o
1071 2010 1180 2069 christi
1195 2011 1432 2087 cognitioneflcd
1448 2012 1610 2071 babeamus
1633 2014 1817 2088 patientiam,
1831 2011 1862 2071 ln

163 2107 329 2164 eiusabbas
339 2104 719 2163 cluniacensiselectienem
729 2109 780 2159 aut
790 2101 986 2159 consecratio·
1040 2123 1055 2152 o
1073 2101 1213 2174 patlentia
1227 2118 1294 2158 vero
1308 2101 1493 2173 pietatem,in
1505 2106 1719 2176 pretateautem
1732 2119 1863 2161 emerem

165 2213 231 2253 nem
247 2198 311 2266 eius
325 2212 378 2252 neo
395 2194 523 2261 laudare,
540 2207 592 2248 nec
617 2194 771 2263 reprobare
798 2190 906 2259 veluit,
935 2189 986 2246 sed
1040 2211 1055 2241 ι(
1074 2179 1273 2256 fraternitatis,
1288 2190 1318 2247 in
1334 2206 1511 2247 amerevoro
1527 2191 1722 2249 fraternitatis
1741 2191 1867 2249 charita·

165 2286 205 2344 ait
221 2303 255 2342 z«
267 2286 447 2341 Praecurrant
459 2281 554 2338 nuntii
571 2282 702 2351 liemaro,
718 2278 768 2354 qui
781 2279 920 2337 iratribus
936 2297 987 2337 no·
1041 2299 1055 2330 o
1071 2282 1130 2335 tem
1147 2279 1181 2350 (ll
1198 2279 1272 2336 Patr.
1288 2296 1308 2350 r,
1323 2278 1362 2352 8).
1377 2302 1392 2331 o
1408 2283 1444 2337 lit
1471 2284 1502 2335 Β.
1533 2278 1662 2338 ioannes
1686 2279 1862 2354 apestolus:

159 2377 233 2448 'strip
248 2376 278 2433 in
294 2374 409 2432 cbristo
425 2372 648 2429 dissolutionem
665 2388 745 2445 papa
769 2370 875 2428 celasii
892 2370 987 2427 actisr·
1041 2368 1317 2426 oliocmandstum
1348 2370 1491 2428 babemus
1519 2389 1535 2426 a
1564 2371 1635 2439 Dee,
1652 2373 1750 2445 utqui
1767 2370 1862 2444 diligit

164 2470 249 2534 eent;
262 2472 361 2522 notum
373 2481 489 2537 queque
501 2464 608 2519 faciant
618 2461 677 2518 illis
698 2462 768 2535 quid
786 2461 821 2517 de
842 2461 988 2518 confratre
1040 2480 1055 2510 o
1066 2457 1340 2532 Dominum‚dilignt
1350 2469 1378 2515 et
1389 2459 1507 2515 fratrem
1520 2476 1608 2517 suum
1619 2455 1644 2534 (f
1655 2459 1737 2519 foen.
1753 2477 1793 2532 rr,
1806 2456 1863 2534 2).a

161 2553 264 2612 =nestro
277 2551 437 2609 Viennensi
448 2549 667 2622 archiepiscope
678 2549 844 2606 allemanie
856 2546 988 2605 cardina·
1039 2545 1106 2605 llaec
1116 2557 1279 2622 prepterea,
1292 2549 1405 2617 fratres,
1421 2548 1556 2618 dixerim,
1572 2548 1710 2624 queniam
1722 2550 1803 2609 eirca
1816 2566 1866 2607 vce

163 2644 253 2708 libus,
269 2643 305 2699 ab
321 2641 477 2715 apisrepis,
494 2659 510 2696 a
526 2639 651 2709 clericis,
667 2640 755 2696 etiam
772 2655 790 2695 a
811 2638 895 2695 laicis
920 2636 985 2694 ctu·
1040 2637 1283 2711 peraliquantum
1295 2637 1437 2710 temperis
1451 2638 1750 2713 dilectionisgratiam
1765 2638 1866 2713 adple-

163 2733 239 2789 niaci
257 2738 365 2788 tactum
381 2729 564 2796 tueritouoil
583 2729 606 2785 si
623 2727 719 2785 clerus
734 2734 763 2785 et
791 2726 917 2801 populus
934 2727 987 2784 Re·
1039 2743 1111 2783 num
1125 2744 1181 2784 nen
1193 2726 1379 2798 exhibuisse
1391 2728 1419 2784 in
1431 2730 1863 2804 quibusdampreutepcrtnit,

165 2841 271 2879 manns
286 2820 366 2879 illius
377 2821 547 2878 alentionem
563 2826 649 2891 atquc
660 2819 908 2874 consecrationem
925 2815 987 2872 lau·
1038 2817 1122 2875 vebis
1137 2817 1277 2875 satisfeci.
1295 2811 1562 2891 Demumexpertus
1572 2817 1726 2878 indefesse
1737 2820 1863 2878 charita·

164 2911 307 2975 daverint,
325 2917 392 2983 post
407 2908 473 2964 illes
490 2917 588 2963 nestra
603 2907 724 2962 interest
739 2905 870 2972 laudare,
885 2911 914 2960 et
937 2920 983 2961 ec·
1040 2907 1076 2964 tis
1086 2907 1389 2980 obsequiaavebisS.
1402 2908 1681 2967 Remanalicclesie
1701 2926 1864 2968 exsumma

166 3017 231 3056 rum
249 3000 351 3056 ditioni
365 2999 492 3054 otiedire.
510 3022 521 3049 ι
540 2996 620 3052 liano
644 2994 844 3052 cluniacensis
869 2992 985 3051 abbatis
1037 2996 1193 3055 dilectione
1208 2997 1324 3071 plenius
1335 2998 1510 3071 impendi,et
1519 3001 1659 3057 omnibus
1670 2987 1779 3058 christi
1792 2998 1864 3056 lide·

165 3085 340 3145 senientiam
354 3085 616 3159 plureacalllarnm
626 3082 753 3157 episcopi
764 3082 983 3141 collaudabant.
1040 3085 1119 3143 libus
1134 3087 1288 3144 charitatis
1299 3087 1410 3147 viscera
1425 3107 1442 3146 a
1457 3089 1539 3146 vebis
1565 3089 1706 3156 exbiberi,
1736 3085 1864 3164 tripudio

165 3177 318 3250 Postquam
336 3178 540 3249 itaquecterus
551 3190 583 3229 ac
594 3172 986 3248 populusllcmanusCalixti
1041 3175 1191 3234 charitatis
1205 3183 1307 3234 vestre
1324 3195 1370 3235 me
1386 3177 1557 3253 participem
1579 3178 1652 3249 fleri,
1668 3169 1803 3238 desidere
1820 3194 1864 3236 me

162 3266 244 3337 pape
253 3266 424 3321 eiectionem
436 3277 520 3335 atique
531 3264 778 3320 consecrationem
791 3262 984 3319 conlaudave-
1039 3268 1214 3325 confratrem
1230 3269 1258 3325 et
1273 3269 1504 3328 commilitonem
1516 3276 1645 3327 vestrum
1656 3268 1862 3328 haberillidee

165 3361 244 3424 runt,
261 3363 290 3410 et
305 3360 331 3411 bi
341 3356 486 3423 auritium,
503 3353 614 3409 scilicet
626 3351 777 3408 Teutonici
794 3353 909 3426 tyranni
924 3352 985 3408 ido·
1039 3360 1118 3415 enim
1133 3356 1202 3429 quia
1217 3353 1371 3417 charitatis
1382 3363 1484 3417 vestre
1499 3358 1669 3416 excellentia
1684 3366 1779 3417 tetum
1808 3359 1865 3415 lere

164 3442 226 3499 lum
243 3443 384 3499 exsecrati
400 3448 481 3509 sunt,
499 3442 590 3498 abbas
612 3438 811 3498 cluniacensis
835 3448 864 3497 et
889 3445 985 3498 ceteri
1040 3448 1185 3503 mundum
1199 3447 1377 3520 subjugavit.
1393 3448 1425 3505 Si
1436 3447 1508 3521 quid
1525 3448 1624 3506 minus
1653 3447 1802 3522 diligende
1816 3463 1865 3505 ves

163 3535 291 3608 episcopi
307 3539 358 3590 aut
373 3535 493 3591 abbates
508 3532 667 3590 Galliarum
689 3531 833 3589 Calantum
866 3548 985 3607 papam,
1041 3535 1225 3607 usquemodo
1241 3535 1319 3593 circa
1333 3540 1587 3609 partemvestram
1607 3535 1730 3609 deliqui,
1746 3537 1866 3609 poenitat

165 3631 265 3694 utpote
294 3625 330 3682 ad
360 3621 513 3697 apostolici
542 3622 681 3679 culminis
709 3621 879 3696 dignitatern
904 3621 986 3693 juste
1040 3625 1528 3684 medeebbatcmcluniacensem
1558 3624 1866 3699 praecordialissimum

162 3719 342 3787 promotum,
358 3714 485 3770 venerati
502 3711 636 3770 sentila
652 3717 770 3783 propter
792 3716 889 3768 iernen
911 3727 986 3783 papa
1041 3730 1151 3785 meum,
1180 3715 1339 3772 monaches
1367 3714 1588 3785 cluniacenses,
1616 3715 1867 3772 familiarissimos

163 3802 291 3860 calixtus
307 3804 480 3877 pradictum
496 3800 717 3858 cluniacensem
739 3801 874 3856 abbatom
892 3815 986 3872 usque
1041 3818 1132 3875 meos,
1148 3803 1209 3859 fore
1224 3803 1435 3876 propemodum
1451 3803 1667 3876 v0103majera
1680 3802 1797 3878 negotia
1810 3803 1865 3860 lle·
1955 3823 1956 3830 ¹

164 3894 201 3951 ad
217 3893 244 3949 id
261 3892 401 3964 temperis
417 3892 589 3964 neutiquam
605 3890 660 3946 sibi
677 3889 985 3963 praecordialissimum
1041 3909 1136 3950 mane
1150 3892 1360 3967 coelesteque
1375 3892 1423 3951 his
1438 3894 1467 3950 in
1485 3889 1795 3968 partibusdefluienda
1809 3892 1866 3950 fue·

162 3979 317 4052 babuerat,
335 3998 429 4053 neque
443 3981 509 4052 ejus
524 3978 712 4053 petitionibus
741 3979 917 4051 quandoque
938 3996 986 4034 as·
1041 3981 1236 4053 rint,eensilie
1251 3987 1348 4040 vestre
1362 3983 1505 4056 precipue
1533 3975 1724 4051 definiantur,
1740 3997 1867 4057 persona

166 4089 286 4129 sensum
304 4073 476 4144 prebuerat.
493 4070 565 4136 Ouid
581 4069 659 4126 enlm
691 4086 849 4125 memorem
872 4078 985 4126 conire·
1042 4089 1107 4129 maa
1122 4072 1241 4129 arbitrie
1257 4076 1287 4129 et
1300 4071 1530 4130 consiliovostre
1541 4072 1781 4146 suppeditetur.»
1801 4053 1867 4128 fiee

166 4158 596 4233 versiamsaperilerguliensi
622 4156 753 4214 Ecclesia
780 4158 987 4214 interclunio·
1041 4160 1741 4233 atquealiabojusmediecramabbateetceram
1753 4158 1870 4217 Clunia·
1955 4209 1956 4238 ,

162 4251 283 4306 'oensem
301 4248 664 4320 abbatemetepiscepum
695 4246 987 4319 Magaloncnsem,et
1041 4248 1426 4307 censiconventucalixtus
1455 4266 1531 4323 papa
1559 4249 1742 4317 referens,in
1772 4265 1863 4306 mane

165 4337 308 4397 calixtum
326 4347 430 4412 papam
447 4335 663 4410 Magalonensia
680 4336 808 4410 episcopi
831 4335 905 4411 parti
921 4353 986 4409 pre·
1040 4338 1867 4412 abbatistotiusqueconventussesepotuit,etoratienum

166 4429 289 4502 pensius
307 4429 446 4485 faventem
458 4426 473 4482 f
486 4426 597 4491 Ouidio
613 4441 771 4481 memorem
788 4427 986 4482 caemeterium
1005 4489 1007 4496 ,
1042 4433 1129 4502 atque
1140 4428 1347 4485 beneficiorem
1358 4419 1561 4485 cluniacensis
1572 4433 1732 4485 cenventus
1747 4427 1867 4484 confra-

165 4516 382 4603 metropolitani
399 4516 525 4572 auxensi
543 4515 673 4571 Ecclesia
702 4516 731 4571 S.
761 4513 860 4571 Marisa
875 4532 892 4571 a
909 4531 985 4587 papa
1000 4499 1024 4569 ll
1038 4523 1113 4574 trem
1128 4523 1157 4574 et
1171 4516 1343 4592 participem
1365 4532 1396 4573 se
1413 4503 1475 4573 lteri
1495 4511 1702 4588 expostulavit.
1716 4515 1869 4588 Recipitur

166 4604 278 4662 Caliate
293 4613 478 4675 cencessum,
494 4609 522 4661 et
538 4603 753 4677 privilegiorum
771 4603 944 4660 auctoritate
958 4604 989 4660 in
1044 4601 1175 4663 calixtus
1190 4622 1266 4679 papa
1277 4605 1307 4661 in
1318 4604 1501 4662 consortium
1513 4609 1541 4661 et
1552 4605 1580 4660 in
1593 4602 1780 4678 participium
1801 4619 1866 4661 era·

166 4701 315 4770 posterum
345 4695 505 4764 sancitum,
533 4697 610 4766 qood
638 4694 803 4766 antiquitus
835 4693 931 4750 fuerat
958 4692 988 4750 S.
1044 4685 1158 4751 tionum
1169 4698 1198 4751 ct
1211 4693 1416 4751 beneficiorum
1428 4683 1625 4750 cluniacensis
1636 4685 1868 4750 monasterii.Fit

164 4784 296 4841 aurentii
312 4784 512 4840 cluniacensis
529 4783 721 4840 monasteriii
736 4780 771 4839 Ut
787 4785 816 4839 in
834 4781 891 4851 bis,
905 4787 935 4839 et
949 4782 991 4840 sio
1044 4783 1137 4856 igitur
1149 4785 1227 4840 inter
1241 4783 1382 4839 calixtum
1413 4799 1519 4855 papam
1546 4791 1574 4839 et
1599 4780 1629 4840 P.
1645 4780 1867 4839 ctuniaeensem

164 4876 195 4930 ln
213 4874 347 4943 pluribus
362 4871 438 4930 allis.
1046 4874 1192 4937 abbatem,
1209 4878 1297 4945 atque
1311 4870 1719 4929 Cluniaoensemconrentum
1731 4875 1815 4929 tante
1827 4870 1871 4926 di·
1955 4937 1956 4952 ἵ

201 4964 360 5038 Postquam
376 4972 474 5021 autem
490 4961 620 5019 Caliatus
631 4962 844 5033 papasecundc
857 4978 931 5018 anne
943 4947 990 5018 sui
1045 4961 1179 5019 lectionis
1195 4961 1298 5032 unitio,
1315 4965 1396 5015 tanta
1423 4955 1574 5017 charitatis
1601 4960 1751 5029 connexio,
1770 4966 1803 5017 ut
1825 4961 1869 5017 eis

165 5060 292 5126 papatus
312 5054 392 5109 venit
419 5052 603 5117 cluniacum,
629 5050 926 5107 honorificentiisime
953 5049 990 5107 ab
1045 5050 1128 5105 lieret
1142 5065 1193 5105 cer
1207 5065 1298 5106 unum
1315 5047 1453 5106 etanima
1468 5033 1710 5116 anulinimverc,
1726 5055 1872 5109 utrarum

167 5143 435 5216 lpseabbnteeta
463 5140 646 5197 cluniacensi
674 5145 990 5211 conventususceptus
1047 5139 1148 5206 fatear,
1169 5155 1271 5195 omnes
1299 5125 1461 5195 calliarum
1486 5129 1625 5195 ecclesias
1654 5135 1810 5196 sanctitate
1837 5155 1871 5200 ae
1955 5193 1956 5208 ,

165 5239 211 5286 est
227 5257 235 5295 ;
252 5239 280 5288 et
295 5229 482 5288 Nativitatem
515 5226 626 5283 urimini
649 5230 830 5295 solemniter,
847 5241 939 5299 uque
953 5225 990 5281 ad
1045 5227 1184 5283 charitate
1198 5226 1389 5284 cluniacense
1404 5223 1545 5299 precellit
1559 5238 1645 5298 atqua
1672 5228 1870 5297 supereminet

168 5320 359 5389 lipipnaniam
378 5318 491 5376 Domini
522 5317 561 5372 ibi
596 5331 793 5385 commorans,
822 5316 990 5373 celebrarit.
1049 5317 1272 5373 monasterium.
1300 5316 1461 5389 lispreptcr
1503 5299 1629 5372 calixto·
1654 5330 1736 5387 pape
1776 5333 1873 5390 operer
1955 5333 1956 5346 ¹

166 5411 298 5464 Diovem
311 5406 602 5482 tipipbaniaedemini
615 5407 747 5461 Gatixtus
764 5422 840 5478 papa
869 5405 991 5461 venitiii
1047 5399 1452 5481 pretiumeratcluniaccnae
1481 5397 1693 5461 monasterium
1722 5421 1789 5463 esse
1815 5407 1874 5464 sibi

167 5496 342 5570 capitulam,
369 5501 512 5568 muana
536 5494 651 5562 abbate,
680 5507 748 5550 enm
776 5493 992 5568 unctamque
1046 5493 1363 5568 precordialissimum,
1394 5491 1494 5567 utpote
1518 5481 1871 5554 amaritudeoris
1955 5485 1956 5552 l

204 5611 280 5685 (tn)
298 5601 421 5672 aaroni
434 5603 554 5673 adeatur
571 5603 663 5685 cupra
676 5602 738 5686 cap.
754 5583 782 5671 ἶ.
