3950 6034
163 256 223 321 tot
705 252 880 319 coronet
902 249 1070 313 tenetls
1091 247 1312 320 tuttltttlsls
1809 234 1873 296 “⁰

164 397 218 458 cst,
243 390 316 463 quod
343 390 378 446 do
402 389 571 460 quibusdum
610 389 684 444 idem
714 385 867 457 Apostolus
898 367 1872 455 dicit:Achristi3etqoemsellieillednriiia,lnillarelinquit

171 479 293 537 bootae
309 479 376 537 iilos
391 480 463 536 beas
478 481 506 534 in
521 478 657 536 desideria
672 477 763 534 cordis
777 492 883 544 eoram,
899 477 929 531 iu
945 476 995 529 im·
1052 472 1104 538 iro,
1124 487 1209 540 quam
1225 469 1427 528 thesaurizavit
1452 467 1478 522 oi
1498 466 1580 521 Pater
1593 465 1666 534 ejus.
1680 459 1726 516 Sic
1748 458 1870 526 Pharao,

168 570 348 637 munditiam,
373 569 487 625 tradidit
509 567 574 625 illes
601 570 632 625 in
654 570 792 639 passiones
820 565 995 637 apremonte.
1051 577 1115 620 cum
1133 569 1296 633 peccassent
1311 560 1337 616 ei
1352 561 1408 614 dno
1431 554 1567 619 conuehi,
1584 553 1718 624 pincerna
1734 547 1827 619 ipelns
1841 550 1872 603 ct

169 659 288 717 tredidit
303 659 368 715 illos
378 658 409 713 io
423 658 702 730 reprebnmseruam,
724 665 755 712 at
767 657 918 726 faciantne
933 666 997 724 qaae
1051 653 1151 724 pistor,
1167 652 1259 707 neutri
1274 650 1388 705 illorum
1403 647 1480 703 aliod
1495 659 1578 716 qoem
1590 636 1783 696 damnationis
1789 636 1872 708 judi·

171 765 228 806 eeu
241 749 410 806 conueniunt
426 746 440 803 i
468 748 555 818 (Rom.
577 747 608 816 ι.)
625 745 767 803 Nimirum
789 747 863 801 idem
879 743 996 815 quodie
1051 741 1126 799 oium
1141 739 1248 796 debuit.
1278 736 1394 794 Donavit
1405 742 1499 791 tamen
1514 731 1596 788 altari
1610 737 1637 786 ct
1655 727 1691 785 ab
1704 726 1793 784 altere
1805 740 1871 781 exs-

170 840 281 912 psalmo
292 838 436 909 Deesipse
460 837 595 894 dicibili
609 835 706 892 dimisi
719 852 763 892 eor
777 836 932 892 recaredum
946 833 995 888 de·
1050 829 1132 900 gilot
1149 844 1232 885 nemo
1263 824 1455 898 reprehendit,
1482 821 1550 895 quie
1574 816 1708 876 videlieet
1736 814 1783 872 cei
1812 829 1872 870 uon

170 930 274 986 siderio
287 926 377 984 cordus
403 942 499 983 eoram
513 925 601 993 (Psoi.
628 926 722 998 ussa).
739 925 799 982 Hoc
818 924 922 981 eterrim
940 934 996 980 tarn
1049 917 1180 986 debebat,
1195 918 1279 973 vitam
1295 923 1323 971 el
1344 913 1462 982 pradum
1478 909 1629 982 pristinum
1652 902 1873 963 misericorditer

170 1020 242 1075 ratio
253 1018 377 1074 ueritatis
390 1032 476 1089 quam
501 1020 615 1072 Patrem
633 1015 674 1071 rel
699 1018 846 1071 doctorum
863 1015 996 1071 Ecclesiae
1050 1007 1175 1072 donarit,
1192 1015 1219 1062 et
1233 1007 1279 1062 cei
1294 1002 1515 1073 debellatione
1532 1012 1643 1070 penam
1668 991 1776 1052 intulit.
1792 993 1872 1091 Quo:

170 1125 250 1168 saera
265 1108 418 1166 auctoritas
443 1108 597 1165 sanissime
624 1106 763 1175 deiendit,
791 1105 860 1180 quia
882 1106 997 1164 tradidit
1051 1097 1135 1152 modo
1149 1111 1215 1166 ertio
1231 1097 1259 1150 iu
1277 1095 1331 1150 ⁰80
1355 1094 1506 1165 quisquam
1522 1082 1707 1159 reprehendit
1727 1083 1810 1149 illud»
1824 1095 1872 1136 0⁹¹

170 1198 331 1262 illosDeus.
346 1196 422 1255 idern
437 1204 480 1254 est
495 1212 528 1254 ac
543 1196 740 1254 sidiceretur:
766 1196 915 1267 dereliquit
932 1197 997 1252 illes
1049 1186 1143 1242 elmile
1165 1187 1194 1242 ln
1221 1183 1338 1241 h⁰ffli¹¹0
1364 1196 1449 1238 nemi)
1471 1183 1546 1251 1⁰⁸¹⁰
1574 1174 1780 1248 f⁰if⁰h⁰¹¹d⁰f⁰
1804 1186 1873 1242 1²⁰⁸·

172 1290 255 1357 Dens,
274 1287 402 1346 videlicet
415 1295 530 1358 propter
544 1287 664 1343 inieritis
684 1286 995 1357 peceatemaupcr'niae,
1050 1276 1115 1333 teli

171 1378 247 1449 quod
264 1382 404 1434 licusnoe
430 1376 500 1442 vult,
514 1382 543 1431 ut
566 1374 670 1432 iaciant
689 1376 813 1432 exterius
838 1377 996 1432 secundnm
1379 1358 1495 1417 CAPUT
1509 1357 1544 1411 V·

172 1465 415 1524 desideriaeordis
429 1464 472 1520 sui
489 1463 883 1535 matumtmmunotttaequou
898 1465 995 1521 itidem
1051 1456 1201 1538 Serupolr'
1225 1454 1349 1535 quidem
1363 1453 1557 1519 cariosorum,
1582 1447 1636 1530 pati
1648 1449 1742 1509 mum
1762 1441 1876 1506 molem

174 1555 329 1620 ntiaeiant,
362 1569 420 1611 nou
445 1553 504 1609 roll
528 1553 615 1622 Deus,
642 1553 758 1611 comsit
781 1552 893 1621 bouns;
909 1570 926 1609 a
941 1569 997 1625 quo
1323 1534 1396 1597 uelle
1409 1541 1604 1612 arputontur.

173 1658 232 1701 non
248 1643 347 1700 libarat
358 1658 416 1712 ees,
432 1656 499 1700 eum
510 1641 545 1696 sit
557 1642 660 1712 iustus.
1086 1636 1152 1693 llaec
1166 1651 1215 1707 pro
1230 1634 1279 1690 illa
1291 1643 1348 1690 tum
1364 1635 1459 1703 inepta
1473 1646 1560 1702 qoam
1579 1626 1675 1685 inutili
1693 1628 1876 1696 argumenta-

498 1739 612 1797 aanor
624 1739 673 1796 tlt.
1012 1727 1129 1814 Btieua
1145 1726 1283 1783 haetenus
1307 1723 1465 1781 dictasint.
1494 1721 1644 1783 ceterum,
1668 1723 1695 1774 ct
1711 1730 1760 1785 pro
1778 1719 1877 1771 uestra

175 1811 260 1891 Quod
272 1814 351 1877 lieet
366 1810 466 1875 oolam
493 1812 604 1874 melam
616 1813 782 1894 permittat,
808 1813 930 1876 redono
945 1833 996 1877 co-
1051 1815 1210 1872 ereditioue
1236 1814 1331 1870 adbuc
1344 1813 1416 1869 eitra
1444 1807 1681 1883 progrediendum
1714 1810 1766 1874 est,
1789 1806 1825 1859 ad
1841 1818 1876 1860 ee

539 1904 631 1955 Milli·
1051 1905 1238 1974 scilioctqueu
1264 1898 1562 1971 curiosisbejusmodi
1587 1895 1754 1966 sompnium
1783 1893 1879 1950 iucem

208 1992 261 2048 Sed
291 1992 396 2048 dicitur
424 1990 526 2047 nobis:
557 1991 709 2060 Quoniam,
732 1999 760 2046 ut
781 1991 836 2062 ipsi
857 1991 998 2060 fatemini,
1051 1993 1193 2052 videntur.
1222 1991 1327 2050 Dicunt
1348 1990 1442 2048 enim:
1461 1988 1491 2044 Si
1516 1992 1589 2045 Deus
1607 1985 1716 2042 malum
1738 1982 1798 2040 iteri
1819 1998 1880 2039 nou

174 2081 250 2139 Deos
264 2081 370 2137 malum
383 2080 521 2151 permittit
537 2079 607 2147 lieri,
623 2079 777 2151 querimus
791 2082 997 2138 anobisutrem
1052 2084 1122 2152 ruit,
1138 2091 1187 2138 aut
1202 2096 1258 2137 noo
1276 2079 1373 2148 soluit,
1387 2094 1438 2137 cer
1449 2094 1506 2135 non
1531 2082 1688 2134 creaturam
1704 2071 1879 2130 inconverti-

174 2173 272 2229 relons
286 2178 334 2225 aot
345 2170 604 2236 nolenspermittat
619 2168 723 2225 tierisi
741 2168 997 2240 noleuspermittit,
1053 2172 1151 2240 bilem,
1166 2174 1246 2228 idest
1258 2187 1319 2244 quae
1335 2170 1370 2227 de
1396 2169 1469 2226 beno
1486 2170 1515 2224 in
1537 2167 1645 2223 maium
1669 2164 1815 2221 declinare
1830 2170 1883 2219 aet

174 2261 281 2317 invitus
296 2258 450 2328 permittit;
466 2258 490 2312 si
506 2257 611 2313 inritus
636 2257 784 2327 permittit,
805 2268 918 2315 coaetus
934 2276 1000 2330 per·
1053 2263 1224 2332 degenerum
1235 2277 1292 2317 nou
1321 2266 1427 2332 posset,
1439 2259 1545 2316 creavit
1560 2256 1574 2312 ‘i
1590 2255 1734 2322 Neminie,
1758 2263 1807 2310 eut
1822 2268 1882 2309 non

177 2347 282 2415 mittit;
298 2349 324 2402 si
352 2355 466 2404 coactus
492 2345 640 2416 permittit,
665 2346 848 2418 omnipotens
872 2358 998 2405 nonest.
1054 2351 1165 2423 potnit‘l
1180 2350 1209 2406 st
1226 2349 1329 2418 uoluit,
1341 2348 1484 2420 quomodo
1499 2362 1557 2403 uon
1575 2345 1680 2402 malum
1697 2343 1756 2400 lieri
1770 2340 1884 2398 roluiti

178 2436 348 2494 Dicimesad
379 2434 604 2507 hnczNeuqeid
630 2435 769 2492 intellexit
792 2436 999 2508 bictalisqoid
1053 2440 1158 2497 Sinon
1176 2440 1277 2510 potuit,
1305 2439 1447 2508 quomodo
1471 2435 1594 2493 dicimus
1618 2439 1667 2490 aet
1696 2432 1885 2503 praedicamus

178 2528 239 2598 lpse
267 2526 378 2594 dixerit,
408 2527 475 2580 duro
501 2540 553 2582 eos
595 2526 630 2581 ad
661 2525 714 2582 boc
742 2525 948 2584 inconveniens
969 2544 1000 2585 sc
1054 2529 1127 2601 qood
1144 2524 1531 2598 omnipotenssit‘lbmplius
1545 2531 1640 2580 autom
1653 2525 1755 2589 :Quare
1767 2520 1884 2577 homini

177 2615 347 2688 pertraxisse
372 2611 513 2671 coutrita
541 2613 616 2669 Diali
644 2615 742 2670 enim:
758 2613 787 2670 si
809 2615 911 2672 nolens
931 2632 999 2687 per·
1055 2618 1149 2690 primo
1164 2622 1335 2687 preceptum
1348 2619 1453 2687 posuit,
1467 2615 1490 2670 sl
1503 2612 1744 2685 praevaricationis
1759 2610 1880 2678 malem,
1965 2655 1966 2664 ,

178 2703 274 2772 mittit,
289 2702 394 2758 inritus
423 2700 698 2772 permittit,ceaotes
727 2702 874 2771 permittit.
898 2703 1000 2760 Ostcu·
1055 2708 1128 2777 quod
1145 2706 1279 2777 prescire
1303 2708 1422 2775 peterat,
1449 2705 1562 2760 euenire
1586 2699 1701 2759 eoleitl
1724 2698 1877 2756 simelam

178 2792 412 2863 daturcrgoipsc
433 2789 555 2858 sibiet,
586 2805 650 2846 cum
676 2790 744 2846 dicit
777 2791 885 2859 rolens,
904 2792 1002 2847 rideat
1054 2794 1272 2851 illuduouiieri
1297 2794 1333 2850 ab
1348 2790 1566 2858 nominemini
1595 2789 1780 2845 seiromassc
1801 2787 1881 2842 role-

178 2882 245 2952 quid
260 2885 388 2953 oporteat
404 2877 736 2948 subaudiripermittere,
753 2894 789 2934 en
806 2879 914 2934 malum
927 2879 1000 2935 ilari.
1055 2885 1101 2941 bat
1119 2884 1276 2950 herpinum,
1302 2897 1352 2939 cur
1367 2897 1425 2938 non
1451 2880 1570 2936 liberum
1594 2893 1656 2935 esse
1679 2876 1820 2949 permisit,
1832 2874 1884 2931 sed

180 2973 253 3032 llam
267 2972 291 3028 si
302 2973 429 3028 dicamus
444 2970 509 3041 qula
525 2971 625 3026 nolens
641 2969 918 3040 permittit‚proiecto
931 2987 1000 3028 eou-
1055 2979 1197 3045 praeoepto
1211 2968 1317 3039 ligarit,
1334 2968 1429 3025 sciens
1445 2966 1703 3037 prestaricaterum,
1715 2970 1741 3021 at
1758 2963 1881 3020 damua-

179 3062 305 3133 seqeitur
318 3059 382 3129 quia
411 3058 515 3114 inritus
530 3059 678 3129 permittit.
703 3057 733 3114 Si
747 3067 852 3128 autem,
869 3063 941 3129 quod
964 3061 999 3116 ad
1057 3069 1136 3117 tures
1152 3057 1418 3129 prevaricatorem?
1432 3058 1473 3114 Ad
1485 3056 1640 3112 ultimum:
1656 3055 1723 3120 Cur,
1737 3052 1886 3123 inquiunt,

180 3166 241 3207 rem
256 3148 348 3218 magis
360 3147 601 3212 atrieetoicamus
617 3148 682 3218 quie
693 3147 794 3204 nolens
809 3150 915 3205 malum
929 3112 1039 3216 terte
1060 3148 1125 3205 ilios
1153 3148 1234 3204 uesci
1249 3147 1396 3220 permittit,
1425 3146 1528 3219 quibus
1555 3145 1657 3201 molius
1675 3149 1762 3210 esset,
1785 3142 1810 3200 si
1826 3159 1887 3199 non

182 3246 278 3296 tamen
289 3238 426 3308 permittit
454 3236 525 3304 lieri,
544 3252 601 3293 non
613 3237 796 3309 consequitur
821 3239 886 3309 quia
901 3238 1006 3295 inritus
1061 3240 1260 3309 inisscutnati,
1280 3238 1417 3311 qnoniam
1431 3239 1467 3294 ad
1497 3237 1580 3293 ritam
1598 3252 1655 3292 nee
1671 3239 1738 3292 sent
1752 3234 1887 3306 pracordi-

183 3333 355 3386 autceactus
370 3324 518 3397 permittit,
534 3325 594 3395 scd,
610 3333 724 3397 propter
746 3326 919 3397 supradictas
934 3327 1006 3384 diri·
1061 3329 1119 3387 uati
1132 3328 1146 3385 i
1160 3329 1199 3385 dd
1215 3328 1277 3386 haee
1304 3343 1370 3399 ergo
1384 3327 1543 3399 sepedicta
1567 3325 1743 3398 suspicionis
1758 3323 1888 3381 semies·

184 3418 238 3473 tias
253 3414 398 3484 bonilatis,
422 3422 449 3471 et
464 3414 604 3485 patientia
632 3423 661 3471 ct
685 3414 908 3486 longanimitatis
937 3432 1005 3481 sea,
1061 3419 1113 3487 riu,
1128 3434 1173 3475 res
1188 3417 1321 3490 postulat,
1349 3424 1378 3473 ιι
1392 3416 1486 3486 aliqua
1507 3416 1739 3486 respondeamus,
1767 3429 1824 3470 uon
1843 3421 1887 3469 la·

182 3504 318 3578 permittit
339 3509 452 3575 propter
472 3502 676 3573 benignitatem
705 3506 1008 3576 suam,quamalaia·
1061 3524 1129 3565 men
1154 3507 1336 3563 immemores
1363 3503 1618 3562 vehementissimae
1653 3502 1884 3571 exclamationis,

180 3595 303 3653 cientem
313 3593 348 3648 ad
371 3591 565 3663 paenitentiam
589 3592 717 3657 adducit,
731 3592 798 3649 licet
823 3594 876 3650 lunc
892 3595 1006 3651 interim
1060 3613 1118 3668 qua
1131 3597 1198 3654 dicit
1211 3595 1364 3666 Apostolus
1375 3594 1414 3652 :0
1430 3592 1547 3650 eliade
1561 3592 1721 3649 diuitiarum
1730 3593 1887 3663 mpimtiae,

179 3685 260 3751 sciat,
276 3683 349 3755 qnod
365 3681 514 3739 seruandum
537 3682 677 3738 daritiam
691 3699 773 3739 suern
790 3691 817 3739 ct.
833 3685 1006 3756 a'rupoeoitcos
1061 3687 1225 3744 elementiae
1240 3684 1302 3740 ileil
1332 3700 1415 3757 poem
1437 3681 1722 3754 incomprehensibilia
1741 3681 1889 3750 snotiadi·

178 3790 225 3833 σιν
239 3771 411 3830 thezaurizat
425 3769 480 3825 seii
508 3770 581 3824 irem
594 3768 625 3824 in
637 3771 681 3826 die
708 3773 757 3826 iroe
786 3775 812 3827 ei
827 3772 1007 3830 revelationis
1060 3778 1104 3832 cie
1117 3776 1186 3848 ejas,
1197 3778 1223 3830 el
1236 3766 1443 3842 tuuesttpetttei
1459 3774 1511 3831 uim
1525 3773 1585 3830 cios
1595 3776 1606 3826 i
1615 3770 1761 3844 (itemst.)
1775 3774 1885 3841 boque-

173 3860 245 3935 p'asti
258 3859 356 3930 iudicii
370 3858 417 3915 ilci
430 3858 517 3931 (Rem.
535 3861 585 3928 rx).
1061 3864 1143 3922 batur
1158 3866 1236 3920 onim
1250 3864 1285 3920 de
1299 3862 1442 3919 voluntate
1455 3862 1514 3931 itai,
1529 3862 1665 3918 adversus
1676 3876 1742 3918 cnut
1754 3860 1885 3930 quicum·

505 3948 620 4006 CAPUT
634 3946 681 4005 lll-
1061 3970 1114 4027 que
1128 3953 1178 4010 ille
1190 3961 1241 4020 ost,
1270 3953 1318 4023 qui
1334 3953 1425 4023 rapuit
1439 3960 1544 4008 temere
1557 3952 1673 4007 terbum
1696 3951 1732 4006 de
1748 3965 1796 4007 ore
1811 3949 1889 4022 ejus,

181 4039 287 4112 Deum,
304 4057 374 4101 cnm
388 4036 514 4098 induret
529 4037 709 4118 petrapium,
721 4055 779 4097 aon
794 4037 869 4099 veile
882 4037 1005 4114 melent,
1061 4048 1093 4098 nt
1107 4042 1214 4099 diceret
1242 4057 1372 4112 perverso
1387 4055 1482 4105 sensu,
1497 4041 1570 4112 qnod
1586 4041 1646 4111 lpse
1661 4047 1737 4097 recte
1756 4038 1886 4096 dixerat:

375 4118 426 4179 led
433 4117 622 4197 omimium
635 4116 814 4199 mimmii·
1061 4133 1185 4199 Erpoctti
1199 4131 1533 4202 outtmmretarptqaem
1545 4127 1728 4186 enutrierat
1744 4128 1889 4200 (iternis).

217 4222 291 4280 Dicit
307 4221 393 4278 homo
407 4218 518 4275 adbuc.
536 4217 649 4274 StDeus
663 4219 770 4273 malem
788 4217 848 4273 [ieri
864 4233 921 4275 uon
933 4220 1006 4290 velt,
1062 4222 1092 4277 Ει
1112 4220 1249 4276 continuo
1266 4236 1273 4275 :
1290 4219 1364 4292 (inid
1382 4218 1473 4276 adine
1486 4219 1644 4290 quaeritari
1659 4218 1798 4275 Voluntati
1810 4217 1888 4274 cuim

182 4312 323 4386 quomodo
337 4308 501 4383 quempiam
530 4309 664 4365 indurare
684 4309 816 4367 dicitur?
843 4311 914 4367 Dicit
928 4314 1007 4368 enim
1060 4310 1121 4381 qais
1131 4309 1255 4365 resistit?
1270 4308 1367 4379 libid.)
1391 4307 1486 4377 ltaque
1500 4323 1558 4362 non
1583 4305 1891 4378 incomprehensibilia

181 4403 257 4458 idem
269 4399 438 4470 apostolos:
456 4399 578 4470 deposui
588 4400 645 4454 eat
655 4398 843 4467 miscrctar‚si
857 4418 936 4474 quens
947 4403 1007 4458 ooli
1061 4399 1111 4454 Dei
1137 4397 1245 4467 jndicio
1273 4396 1526 4468 comprehendero,
1550 4400 1580 4452 oi
1595 4393 1809 4467 iuvestigabiles
1824 4395 1891 4452 vias

182 4489 397 4561 induratiiiom.
432 4487 481 4559 tx).
500 4489 549 4542 llic
583 4488 788 4559 primumquid
818 4492 855 4545 sit
875 4476 1217 4559 induraralimejns
1239 4488 1407 4560 investigare
1433 4485 1616 4554 tentabimus,
1632 4486 1680 4543 sed
1696 4485 1891 4557 qualicunque

183 4581 345 4651 querimus,
357 4586 387 4632 ut
402 4584 469 4632 tunc
485 4578 601 4633 demum
617 4576 725 4633 heulini
743 4579 809 4635 bulo
825 4579 1005 4650 respondea-
1060 4596 1144 4651 parra
1160 4579 1336 4636 recreatione
1347 4585 1448 4634 eostre
1463 4576 1785 4647 inopissebrcniemns‚
1800 4576 1890 4647 adje-

183 4682 259 4732 mes,
274 4665 334 4738 qui,
351 4681 401 4735 pro
416 4665 476 4736 ipsa
487 4665 670 4735 improbitate
686 4682 735 4722 sua
750 4683 805 4739 qna
823 4669 878 4725 ileo
890 4685 1005 4740 respon·
1061 4675 1143 4725 rante
1157 4667 1182 4724 si
1194 4668 1325 4737 dignetur
1338 4665 1443 4736 Spiritu
1460 4664 1587 4736 ejusdem
1600 4664 1662 4733 ilci,
1690 4665 1726 4721 de
1739 4679 1795 4734 qno
1810 4664 1891 4722 idem

183 4755 353 4821 dereaudet,
371 4753 582 4810 homodicitur.
600 4754 671 4820 Quid
700 4760 914 4829 ergocstquod
931 4757 1007 4815 Dens
1063 4755 1212 4830 Apostolus
1239 4755 1326 4811 dicit:
1357 4754 1474 4826 Spiritus
1501 4756 1596 4811 omnic
1618 4758 1772 4825 scrutetur,
1801 4754 1891 4812 aiam

184 4860 270 4920 quem
295 4843 353 4900 uult
377 4841 522 4908 indurare,
550 4843 676 4910 indurat,
701 4843 756 4899 uisi
773 4861 856 4916 quent
880 4846 1007 4903 trourult
1060 4844 1203 4918 protende
1217 4842 1441 4912 DeiilCer.1tl.

185 4934 385 5002 emollire‚noe
400 4931 510 4989 emollit
524 4930 539 4987 l
553 4930 660 4988 Omnes
670 4933 747 4989 enim
760 4935 790 4990 in
807 4951 864 4991 nuo
874 4936 1007 4992 duritiam
1387 4940 1502 5001 CAPUT
1519 4940 1563 4998 vt.

186 5023 463 5092 meruimus,scilioet
477 5023 506 5080 io
531 5023 631 5089 Adam,
648 5023 679 5080 in
694 5041 749 5096 qno
764 5042 865 5082 omues
879 5026 1007 5097 peccavi·
1063 5031 1336 5094 Sanremmttunon
1349 5047 1407 5091 esse
1420 5028 1592 5106 huiusmodi
1605 5032 1781 5111 qooestioqes
1794 5032 1892 5096 (ἐρυθ.

184 5132 259 5174 runs.
276 5114 315 5171 lix
330 5129 363 5170 eo
376 5112 447 5169 nulli
462 5111 616 5184 quidquam
632 5113 715 5170 debet
730 5114 873 5182 [tansmisi
883 5131 1007 5186 ponam,
1104 5111 1219 5170 lentate
1234 5110 1294 5174 Dei
1305 5110 1478 5172 mouerent
1493 5108 1671 5174 iectreetot
1681 5132 1737 5192 per
1748 5113 1894 5177 similite·

186 5204 243 5262 nisi
256 5203 409 5274 judicium,
425 5216 481 5272 qne
495 5201 526 5258 ie
541 5199 592 5257 illo
604 5203 788 5273 proiedicoti,
799 5203 878 5260 idest
889 5203 1009 5272 judicati
1104 5192 1200 5253 danem
1209 5189 1302 5274 fipuit'
1313 5201 1340 5252 et
1348 5193 1496 5271 fipmeoti.

186 5308 286 5349 omues
300 5301 452 5363 antequam
469 5289 528 5345 nati
542 5289 705 5347 sumentiui
720 5291 782 5346 vell
800 5290 871 5346 licus
887 5292 1009 5358 pratella
1099 5297 1153 5355 Sed
1167 5297 1216 5355 hic
1228 5299 1287 5368 J'am
1310 5295 1381 5354 iliad
1394 5297 1472 5366 prius
1500 5298 1655 5354 dicendum
1675 5299 1894 5371 quiaprobasct

189 5380 381 5437 misericordia
397 5380 555 5444 miseretur,
581 5386 610 5434 ut
626 5395 674 5448 per
688 5380 861 5450 ponitentiae
879 5381 1009 5450 spiritum
1065 5384 1138 5443 boue
1151 5385 1315 5457 composita
1329 5385 1434 5442 mantis
1448 5400 1507 5441 non
1525 5392 1578 5455 est,
1594 5385 1760 5457 hujusmodl
1775 5404 1892 5449 merare

189 5469 390 5536 emolliatur,et
402 5475 578 5537 peecatorem
590 5482 620 5522 se
631 5467 1010 5540 lacrymabilitcrconlltcus,
1065 5483 1092 5532 ot
1106 5476 1211 5548 agitare
1225 5474 1403 5548 questiones.
1429 5473 1557 5545 Denique
1580 5474 1663 5533 idest
1689 5478 1823 5538 volleant
1838 5496 1890 5538 ro·

190 5556 296 5617 ambiat
320 5555 469 5629 justificari
501 5554 648 5627 perfidem
663 5555 779 5615 alterius
793 5557 928 5633 heminis,
943 5561 1010 5621 lesu
1065 5563 1153 5626 inisse
1167 5565 1225 5624 lieo
1254 5563 1407 5624 eonditum
1432 5565 1509 5635 dare,
1538 5571 1566 5622 et
1592 5565 1673 5638 qnasi
1700 5566 1828 5630 debilem
1851 5570 1890 5630 ab
