3950 6034
164 281 224 350 2³9
702 282 881 350 nuruum
901 280 1073 344 lectuls
1094 284 1316 349 virtuensis
1809 284 1873 346 240

163 419 310 477 sententia
325 433 333 475 r
350 419 402 487 Qut
415 416 546 475 moditia
564 417 668 474 Filiam
678 415 739 484 Dei,
759 416 841 474 tabet
863 415 986 474 testimo·
1000 416 1028 485 Α
1043 431 1133 487 quam
1147 415 1245 473 littera
1260 421 1355 475 sonat.
1372 416 1442 488 Quia
1456 415 1554 474 uidisti
1567 431 1621 482 me,
1633 415 1786 481 credidisti,
1798 417 1875 473 beati

163 511 243 566 atam
256 509 305 565 Dei
316 508 348 564 irs
359 523 388 564 ae
398 508 422 580 (l
436 508 515 564 lora.
527 506 566 578 ι).
580 506 756 565 communio
768 520 775 560 :
789 504 863 562 bitte
874 520 987 561 murrum
1043 521 1090 578 pas
1106 522 1160 562 nen
1180 506 1310 563 uiderunt
1325 512 1352 562 rt
1374 505 1557 562 crediderunt
1578 504 1667 577 (loen.
1692 504 1751 577 ιι).
1777 504 1873 577 Igitur

162 605 250 667 taum,
266 598 354 669 plana
368 595 485 669 quidem
507 594 604 652 littera
625 599 755 651 nostram
777 594 912 658 edificat,
938 593 987 650 sed
1044 596 1073 651 ln
1085 611 1209 668 persona
1219 596 1347 665 Thomas,
1360 594 1491 667 reliquias
1501 594 1601 659 lsrael,
1613 610 1679 665 quas
1690 593 1776 649 salve
1787 593 1873 662 flent,

161 686 243 744 intus
258 685 503 760 perspicientibus
518 684 612 758 liquet
622 684 698 755 quud
710 684 747 739 ad
757 683 911 740 iudaicam
923 698 989 755 spe·
1044 685 1166 740 minoris
1183 683 1261 751 lldei,
1277 701 1368 757 quam
1384 689 1487 756 gentes
1499 688 1676 757 arguuntur,
1687 683 1758 756 quia
1769 686 1875 755 gentes

160 771 988 851 ctatpopulam,qaihactanusiaincrsdutitataporaistit‚
1044 788 1101 828 non
1116 772 1253 829 viderunt
1265 778 1295 829 et
1310 773 1509 829 crediderunt.
1525 770 1616 829 lsrael
1637 776 1734 833 autem
1752 771 1809 828 nisi
1826 786 1876 828 res

162 866 246 938 cujas
265 866 295 922 in
316 870 418 939 typum
433 863 562 922 Thomas
586 862 749 935 apostolus,
770 861 821 917 diu
836 861 987 924 dubitans,
1044 861 1221 933 apparuerit,
1233 860 1295 917 Elia
1312 866 1342 916 et
1357 860 1454 918 Enoch
1472 861 1671 933 preeuntibus
1688 875 1745 915 nou
1761 861 1874 928 credet,

161 956 281 1015 tandem
296 955 377 1023 vidit,
394 954 534 1027 palmavit
545 952 717 1010 etcredidit.
740 951 840 1024 Neque
864 950 943 1008 euim
963 950 990 1006 si
1043 964 1111 1005 cum
1127 948 1235 1005 Paulus
1251 949 1330 1005 dicat
1343 948 1430 1005 tidem
1444 949 1656 1021 sperandarum
1673 947 1874 1004 substantiam

164 1045 258 1104 sulem
275 1059 434 1115 sequamur
448 1042 586 1109 litteram,
602 1058 708 1098 seusus
725 1057 775 1114 per
790 1039 890 1096 omnia
913 1043 990 1096 stare
1043 1051 1233 1105 assererem,
1249 1044 1454 1109 argumentum
1473 1054 1530 1095 non
1545 1038 1749 1111 apparentium
1775 1036 1875 1108 (debr.

164 1133 281 1208 poterit,
297 1133 367 1205 quia
381 1134 455 1190 beuti
468 1133 588 1205 quidem
607 1130 654 1204 qai
668 1146 722 1188 cca
743 1128 871 1185 ciderunt
885 1136 915 1184 ct
928 1143 989 1183 cre·
1043 1131 1107 1195 ιιι),
1122 1131 1211 1198 atqua
1222 1126 1286 1182 ideo
1298 1125 1501 1184 laudabilioris
1515 1143 1620 1183 snmus
1644 1125 1724 1195 fidei,
1736 1125 1788 1198 qul
1809 1142 1875 1182 rem

165 1221 308 1291 dideruat,
320 1221 370 1278 sed
387 1237 445 1277 non
460 1237 495 1278 ea
509 1219 726 1293 comparatione
748 1217 794 1274 vel
816 1215 989 1274 intentione.
1045 1215 1177 1271 nondum
1189 1220 1380 1289 apparentem
1401 1215 1529 1272 ssdeliter
1543 1217 1702 1272 credimus.

716 1574 969 1700 LIBER
1017 1571 1323 1704 NONUS.

379 1831 454 1888 101
476 1828 594 1886 CAPUT
613 1825 766 1883 PRIMUM.
1004 1822 1029 1891 B
1080 1822 1188 1879 deserti
1204 1825 1280 1880 suut.
1298 1822 1541 1897 Idumaiquoque
1555 1824 1866 1894 dicuntur,terrenivel

322 1923 359 1976 tic
373 1918 520 1977 [lominica
538 1916 660 1975 serundo
670 1920 729 1988 port
743 1916 832 1972 ultas.
1044 1912 1211 1984 sevrguinei,
1227 1912 1298 1984 quia
1312 1913 1521 1985 prophetarum
1532 1918 1561 1971 et
1571 1914 1667 1987 ipsius
1677 1913 1794 1971 Domini
1805 1932 1876 1972 aau-

202 2012 276 2080 Quiu
290 2010 439 2067 Dominica
453 2008 506 2065 hac
521 2011 630 2065 sancte
646 2006 782 2062 Romane
800 2002 991 2060 Eccleueso·
1045 2000 1166 2072 guinem
1183 2000 1332 2058 iudsruut.
1349 2005 1387 2058 at
1408 2019 1474 2059 vero
1500 2003 1548 2058 hic
1574 2009 1675 2075 pastor
1700 2004 1797 2060 bouus
1821 2005 1874 2062 illo

167 2103 265 2160 lemna
280 2105 335 2168 eet,
353 2098 475 2171 agendis
499 2096 611 2153 instare
630 2092 762 2151 masiliis
787 2093 861 2148 bene
886 2093 990 2161 fornia,
1045 2090 1160 2146 desecto
1174 2089 1301 2147 animam
1312 2108 1397 2148 suam
1411 2093 1569 2165 posuitprc
1584 2094 1772 2151 ovibussuis.
1784 2094 1874 2151 Recte

169 2207 260 2265 quem
271 2189 355 2263 sequi
370 2188 497 2245 debeant
512 2189 644 2258 pastores
660 2182 838 2249 animarum,
854 2181 993 2253 perejus·
1045 2194 1126 2251 ergo,
1141 2178 1191 2252 qui
1207 2180 1340 2253 exempto
1353 2181 1418 2252 ejus
1437 2181 1514 2237 idem
1545 2184 1637 2238 iacere
1662 2182 1780 2251 debent,
1806 2199 1879 2240 voce

169 2279 236 2335 dem
248 2274 403 2331 [lominica
414 2271 637 2329 commendatur
647 2268 789 2325 olflcium.
803 2267 993 2341 Perllvange-
1046 2268 1112 2338 ejus
1126 2267 1292 2324 excitantur
1308 2273 1341 2325 ut
1356 2269 1390 2324 ad
1409 2272 1498 2327 Deum
1513 2271 1549 2328 de
1565 2272 1629 2327 luce
1643 2269 1764 2343 vigilent
1787 2287 1880 2345 supra

170 2366 243 2422 lium
261 2361 501 2419 manifestissime
516 2358 546 2414 id
560 2359 658 2431 agitur
672 2356 751 2429 quod
766 2356 802 2428 is,
819 2355 871 2428 qui
885 2373 943 2412 non
957 2373 993 2412 ex
1046 2369 1164 2428 gregem
1181 2359 1423 2423 euum‚ad1)eum
1436 2359 1541 2414 vronad
1556 2359 1719 2416 mercedem
1731 2363 1880 2432 tempora·

172 2450 398 2511 accidentideno
413 2446 646 2505 substanttaliter
656 2445 752 2503 bonus
765 2449 820 2513 est,
833 2444 923 2501 dicit:
938 2448 993 2517 lips
1047 2441 1117 2512 lem,
1133 2443 1234 2500 anima
1247 2449 1276 2501 et
1290 2461 1377 2503 cerne
1387 2462 1476 2518 quam
1493 2446 1696 2519 multipliciter
1711 2447 1825 2517 sitiant,
1847 2453 1879 2506 et

171 2559 234 2602 sum
245 2545 339 2616 poster
352 2541 437 2597 benaa
451 2538 542 2611 (tona.
559 2536 601 2609 ι),
612 2539 669 2592 etc.
689 2535 797 2592 Deinde
811 2551 846 2591 ex
859 2534 994 2606 opposita
1048 2531 1077 2588 in
1089 2531 1252 2590 velamento
1262 2533 1386 2602 alarum,
1398 2535 1428 2592 id
1438 2541 1484 2593 est
1494 2538 1522 2593 ia
1535 2536 1800 2609 speconselationis
1809 2541 1878 2610 ejus

172 2631 368 2703 descriptione
383 2626 553 2684 mercenarii
564 2623 794 2697 eumqusiterata
804 2622 992 2681 commenda·
1048 2622 1229 2680 exsultantes
1244 2624 1331 2698 (Psoi.
1348 2627 1429 2698 ιιιι),
1445 2627 1548 2699 lupum
1565 2643 1621 2683 nou
1635 2626 1769 2699 timeant,
1781 2644 1879 2701 nsque

170 2722 251 2778 tione
266 2717 417 2786 bonitatis,
432 2714 577 2789 liquidum
592 2715 699 2788 prebet
713 2712 816 2769 ouibus
839 2711 992 2783 iudicium,
1049 2711 1181 2771 dimissis
1197 2716 1301 2772 ovibus
1317 2716 1443 2790 lugiaut.

171 2812 250 2887 quud
268 2812 446 2881 discernant,
463 2824 536 2880 quos
552 2807 661 2880 lugere,
679 2805 789 2877 quibus
804 2820 923 2860 suarum
943 2804 993 2859 de·
1375 2807 1492 2865 CAPUT
1510 2810 1545 2865 ll.

171 2903 260 2960 beant
275 2900 442 2957 animarum
454 2912 553 2954 summ
570 2896 697 2952 credere.
714 2893 922 2950 boniformem
941 2908 993 2964 pa·
1308 2899 1345 2954 Dr
1359 2899 1505 2955 dominica
1520 2899 1613 2956 tertia.

170 2991 258 3048 storia
272 2994 381 3045 cetere
394 2985 565 3043 collaudent
576 2982 780 3054 partesoisscii.
792 2982 890 3038 Primo
904 2981 939 3038 ad
951 2980 995 3036 in·
1084 2986 1196 3041 Catere
1206 3002 1269 3058 que
1280 2995 1443 3059 sequuntur
1452 2989 1610 3045 Dominicis
1622 2988 1873 3061 usqueadAecen·

170 3080 290 3138 troitum
307 3081 461 3133 cantamus
473 3071 773 3130 deiltazltiserircrdta
788 3071 899 3127 Domini
911 3071 995 3143 plenu
1048 3071 1161 3130 sionem
1168 3074 1596 3149 DomiaipromissionerneJns
1606 3078 1794 3149 adimpletam
1807 3077 1872 3135 su's

171 3179 210 3226 cst
227 3170 302 3224 terre
312 3166 398 3235 (Prot.
408 3162 486 3236 ιιι),
499 3161 631 3218 videlicet
642 3166 672 3217 ut
682 3160 760 3217 sicut
769 3158 816 3216 ilie
827 3176 886 3216 non
897 3159 992 3216 solum
1011 3177 1033 3246 c
1047 3160 1151 3219 ciliciis
1162 3163 1376 3234 concelebrant,
1388 3181 1446 3236 qua
1456 3170 1522 3237 post
1533 3166 1663 3225 habitam
1675 3168 1710 3224 de
1719 3173 1874 3225 montesus

171 3255 316 3328 iudicium
333 3252 440 3325 diligit,
454 3250 506 3307 sed
521 3254 550 3305 ct
575 3249 805 3305 misericordiam
823 3264 830 3303 :
849 3252 879 3304 et
899 3248 992 3322 primo
1049 3249 1210 3319 tristitiam,
1225 3253 1313 3310 corda
1326 3253 1537 3327 discipulorum
1548 3256 1806 3313 deresurrections
1818 3274 1877 3313 sua

172 3347 236 3404 loco
254 3343 497 3409 misericordiam,
513 3339 806 3411 secundojudicium,
816 3338 894 3397 sicut
904 3338 933 3394 in
945 3354 996 3394 eo·
1048 3336 1287 3399 letificandaiore
1298 3342 1482 3413 promiserat,
1493 3343 1874 3414 es,quatradabaturuocte

174 3437 241 3493 dem
255 3433 381 3508 psalmo,
400 3448 459 3489 uno
471 3435 500 3487 et
514 3430 616 3487 eodem
642 3426 788 3486 versiculo
808 3426 994 3500 premissum
1049 3428 1172 3499 loqueos
1186 3428 1246 3487 illis
1262 3429 1291 3485 in
1308 3447 1400 3489 cuna.
1415 3432 1494 3490 Unde
1511 3431 1632 3503 pulchre
1644 3432 1699 3488 hac
1719 3432 1874 3490 [lominica

175 3529 220 3581 est
237 3542 244 3580 :
260 3546 275 3576 a
291 3521 392 3594 Diligit
408 3517 637 3577 misericordiam
653 3517 844 3589 etJudicium‚
860 3537 875 3567 a
901 3516 945 3571 sio
966 3519 995 3571 et
1049 3522 1203 3574 cantamus
1219 3518 1249 3574 in
1264 3518 1384 3575 introitu
1402 3536 1409 3576 ι
1429 3518 1549 3577 latitate
1576 3521 1638 3588 Dec,
1671 3524 1763 3577 omnis
1785 3530 1876 3592 terro,

174 3629 288 3683 omnes,
305 3612 356 3685 qui
367 3609 484 3683 judices
500 3607 665 3664 animarum
679 3605 767 3679 positi
782 3609 863 3670 sunt,
878 3620 996 3678 semper
1047 3604 1185 3677 psalmam
1198 3605 1282 3663 dicite
1294 3607 1405 3665 comici
1421 3609 1482 3679 ejas
1497 3608 1587 3682 (Part.
1603 3611 1678 3682 ιιι).
1701 3609 1774 3667 Nem
1802 3609 1873 3667 huic

175 3700 394 3777 superexaltent
408 3697 608 3755 misericordia
619 3695 777 3766 indictum,
793 3700 826 3751 ut
840 3695 917 3750 idem
937 3692 995 3766 ipsi
1049 3695 1374 3767 psalmosensibussuis
1387 3704 1557 3771 competens
1568 3698 1673 3756 titulus
1685 3699 1877 3774 prescriptae

174 3793 402 3863 consequentur.
423 3784 563 3859 Quodque
586 3784 744 3857 sequitur:
773 3784 858 3842 Verbo
881 3785 995 3841 Demim
1048 3793 1092 3842 est
1108 3802 1115 3841 ι
1130 3788 1161 3842 in
1176 3786 1270 3857 finem,
1283 3788 1421 3844 canticum
1429 3788 1533 3861 psalmi
1546 3790 1764 3847 resurrectionis.
1778 3790 1877 3848 Causa

167 3881 232 3939 cuti
256 3878 364 3953 firmati
374 3885 441 3935 ruat
455 3874 560 3949 (ibid),
572 3872 643 3930 illud
658 3873 994 3946 indicat,qucdapcstoli
1047 3891 1115 3931 vere
1130 3875 1175 3931 vel
1191 3876 1311 3933 materie
1322 3875 1516 3947 jubilationis,
1532 3894 1596 3950 quu
1621 3878 1667 3935 hic
1694 3879 1870 3952 imperatur,

165 3968 209 4029 vel
236 3975 369 4043 pastores
394 3964 559 4038 apostolici,
581 3979 640 4019 nun
659 3979 714 4019 sua
735 3962 916 4030 tortitudine,
941 3962 992 4019 aed
1047 3961 1167 4032 illaesi,
1185 3979 1274 4035 quam
1291 3963 1429 4021 Dominus
1448 3965 1477 4020 in
1500 3966 1650 4037 evangelio
1673 3966 1869 4038 subsequenti

165 4058 249 4113 verbi
261 4057 312 4113 Dei
325 4056 443 4126 virtute,
454 4054 528 4109 tales
538 4049 633 4108 effecti
646 4057 726 4118 sunt,
749 4058 779 4106 ut
799 4051 929 4107 videntes
947 4050 993 4106 lu·
1048 4052 1200 4124 praemisso
1214 4052 1340 4109 tristitia
1355 4054 1460 4110 nuntio
1473 4054 1628 4128 subjungit
1644 4074 1653 4112 ε
1671 4079 1682 4105 a
1700 4056 1809 4112 lterum
1822 4073 1876 4113 au·

165 4162 236 4220 pum
251 4145 428 4212 venientem,
446 4159 503 4199 non
517 4140 642 4210 lugiunt,
655 4137 992 4212 nequeovesdimittant,
1047 4144 1106 4195 tem
1119 4139 1288 4209 videbovos,
1299 4147 1327 4198 et
1338 4143 1476 4215 gaudebit
1486 4159 1536 4199 oor
1546 4144 1873 4218 vestrum‚etgeudium

164 4239 198 4291 ut
213 4233 383 4292 mercenarii
400 4230 519 4290 iaciunt.
531 4228 660 4301 Epistola
670 4244 738 4284 voce
751 4244 808 4285 non
820 4228 920 4291 dubia.
932 4245 992 4285 sue
1046 4234 1176 4285 vestrum
1191 4246 1273 4287 nemo
1292 4230 1376 4288 tollet
1388 4249 1405 4287 a
1419 4233 1501 4288 vobis
1513 4234 1600 4300 ticon.
1616 4234 1685 4306 ιιι).
1700 4256 1714 4284 a
1726 4233 1873 4291 Utautem

163 4323 370 4398 praecursionis
386 4319 489 4395 implet
502 4318 646 4385 cilicium,
662 4317 711 4374 ubi
726 4317 876 4391 premisso
892 4318 992 4375 deboc
1046 4317 1221 4390 similitude,
1238 4336 1301 4393 quse
1317 4321 1469 4392 premissa
1484 4327 1530 4377 est
1549 4322 1702 4396 apostolia,
1729 4322 1875 4394 mulieris,

163 4411 355 4486 singulariter
370 4404 989 4481 bonupastore‚quipasuitanimamsusm
1048 4406 1197 4464 tristitiam
1219 4406 1367 4478 habentis,
1397 4426 1464 4467 eum
1490 4412 1627 4482 parturit,
1652 4410 1735 4467 nobis
1757 4428 1876 4485 quoque

163 4515 216 4573 pro
231 4500 335 4557 ovibus
348 4499 411 4557 suis
427 4516 434 4556 :
453 4497 574 4555 Christus
587 4510 688 4568 passus
703 4503 742 4551 ιιι
753 4511 804 4568 pro
819 4494 991 4564 enimvobis
1049 4502 1201 4570 congruat,
1216 4498 1286 4570 quia
1300 4498 1342 4555 sic
1357 4499 1484 4571 expedit,
1501 4499 1573 4556 bene
1588 4499 1643 4556 hec
1655 4500 1733 4558 idem
1748 4515 1877 4572 evange·

164 4589 327 4661 relinquens
356 4588 526 4658 exemptam,
547 4584 749 4657 misceamini
769 4582 886 4653 uestigio
908 4586 967 4657 ejas
984 4601 991 4639 :
1010 4542 1131 4655 Dlium,
1149 4587 1209 4643 beo
1224 4587 1348 4661 apostoli
1376 4587 1463 4645 lectio
1488 4588 1663 4660 prccurrit:
1689 4590 1803 4646 Obsecro
1828 4605 1876 4645 res

163 4676 354 4749 subjungitur
375 4677 404 4731 in
422 4675 504 4731 llus:
531 4675 628 4730 Eratis
650 4674 726 4730 caim
748 4672 899 4746 aliquunde
920 4675 994 4730 sicut
1046 4678 1180 4749 tunquam
1194 4675 1313 4732 adum
1327 4677 1877 4749 etperepriaosabstiserrucamolitua

161 4780 225 4824 ever
237 4768 374 4833 mustea,
389 4763 570 4821 sedcoaucrar'
582 4764 647 4819 estis
661 4778 736 4818 nanc
751 4760 786 4818 od
808 4769 947 4834 pastorem
964 4766 991 4818 et
1047 4765 1201 4833 desideriis,
1214 4782 1273 4838 pau
1287 4765 1412 4822 militarat
1426 4766 1558 4823 adum
1568 4768 1695 4823 animum
1709 4769 1734 4841 (l
1742 4771 1817 4824 Patr.
1830 4769 1879 4841 ιι).

159 4854 494 4928 episcopamaaimaram
522 4859 675 4910 vestrarum
700 4852 726 4924 (l
751 4850 825 4908 Petr.
846 4852 890 4923 vj).
911 4851 990 4909 Oile-
1046 4854 1144 4910 etelu
1160 4853 1306 4911 basanim
1331 4854 1510 4912 abstinentis
1533 4856 1618 4913 labor
1645 4860 1703 4926 est,
1730 4855 1808 4913 sicut
1834 4857 1879 4914 ait

160 4944 405 5001 rendeveronou
421 4941 541 5014 quidem
569 4939 642 4997 adeo
666 4938 830 5012 perspicue,
856 4940 907 4996 sed
933 4956 990 4997 non
1046 4942 1204 4999 Psalmiata
1225 4960 1232 4999 z
1257 4966 1277 4996 a
1294 4944 1339 5000 lbl
1364 4942 1480 5002 dolores
1506 4950 1538 5003 ut
1563 4946 1755 5019 parturientis
1778 4945 1875 5017 (Paul.

161 5034 261 5093 minus
271 5048 399 5091 consone
409 5046 475 5088 cum
485 5030 588 5086 ecdem
599 5027 708 5086 incedit
720 5043 808 5085 sensu
822 5029 988 5102 Evangelii:
1045 5030 1147 5101 ιιιιι).
1164 5052 1179 5080 a
1193 5031 1378 5089 premiserat
1393 5033 1539 5106 siquidem
1557 5049 1565 5089 ε
1585 5034 1780 5090 «Conturbeti
1790 5039 1876 5103 suut,

163 5122 243 5195 deur,
274 5124 355 5196 Deus,
386 5136 474 5191 meas,
507 5119 544 5176 ad
584 5127 610 5176 tc
636 5118 669 5175 dr
697 5119 758 5176 tuoe
790 5118 876 5190 cipite
900 5118 990 5191 (Paul.
1046 5122 1185 5177 commoti
1198 5126 1278 5188 suut,
1294 5126 1405 5178 tremor
1419 5123 1614 5196 apprehendit
1626 5123 1878 5196 sostibid.),»lo·

162 5212 243 5287 ιιιι).
258 5212 392 5272 Psalmus
404 5225 531 5282 namque
546 5208 596 5264 ills
606 5207 648 5265 sie
659 5206 848 5263 intitulatur:
862 5207 991 5264 Psatmur
1047 5228 1140 5285 quens
1154 5213 1189 5268 de
1204 5208 1274 5277 illis,
1290 5211 1340 5283 qui
1348 5211 1434 5283 juxta
1445 5212 1617 5284 Apostolum
1630 5212 1793 5269 contristati
1805 5218 1878 5269 sunt

161 5301 260 5370 David
274 5320 338 5360 cum
352 5305 421 5360 esset
437 5300 468 5356 irs
478 5296 732 5365 desertcldamaeae‚
750 5296 778 5351 id
795 5302 841 5353 est
861 5296 992 5369 psalmus
1047 5301 1083 5359 ad
1100 5299 1300 5375 paenitentiam
1318 5301 1353 5374 (ll
1370 5300 1430 5358 Cer.
1446 5302 1508 5368 ιιι).
1521 5302 1576 5358 Sed
1588 5302 1665 5359 sicut
1676 5298 1761 5358 dolor
1771 5304 1875 5375 partu·

161 5390 217 5447 lste
228 5394 433 5450 attribuendus
448 5396 494 5448 est
507 5389 632 5457 Christo,
648 5387 811 5445 secuudum
832 5388 911 5460 qued
932 5389 993 5461 egit
1047 5391 1151 5447 cientis
1166 5389 1336 5446 fructuosus
1351 5394 1406 5456 est,
1419 5413 1430 5438 ι
1441 5406 1508 5446 cum
1519 5390 1597 5447 anim
1611 5391 1732 5464 peperit,
1738 5393 1801 5462 jara
1814 5406 1875 5447 non

160 5478 205 5536 vel
222 5480 341 5551 pertulit
356 5481 469 5553 positus
482 5481 558 5535 inter
569 5477 696 5545 Judeos,
707 5474 758 5547 qui
769 5475 991 5534 desertumidee
1048 5479 1182 5538 meminit
1198 5495 1340 5553 pressure
1356 5484 1474 5552 propter
1489 5480 1641 5553 gaudium,
1658 5479 1728 5552 quia
1736 5484 1881 5538 natusest

165 5572 318 5638 vocantur,
332 5571 401 5641 quia
415 5570 694 5638 deserentesoeum‚
707 5568 735 5624 et
747 5563 891 5637 ipsiiuste
907 5566 990 5625 allec
1046 5570 1136 5627 homo
1152 5570 1181 5626 in
1199 5570 1343 5628 mundum
1359 5570 1452 5643 (tuuc.
1468 5572 1538 5642 ιιι),
1556 5592 1570 5621 »
1594 5569 1637 5627 sic
1656 5574 1686 5627 et
1707 5567 1778 5627 illud
1804 5571 1882 5642 qued
