3950 6034
164 226 219 284 ιιι
712 213 885 278 nuruum
909 199 1078 274 neturus
1099 215 1326 280 rurrreuers
1768 249 1773 258 ·
1810 217 1868 279 rm

163 355 308 412 adomnia
333 353 495 424 peragenda
521 366 583 422 quc
613 348 712 417 voluit,
743 348 799 405 nisi
830 348 907 403 sotus
927 347 989 417 ipse
1003 347 1122 414 Amore
1134 349 1299 409 subsistere.
1316 353 1418 420 Quure,
1446 348 1591 422 inquiunt,
1607 347 1720 405 Grertor
1735 348 1825 407 bonus
1839 355 1868 408 ιι

162 446 430 516 uspirurepntuerrt.
462 441 593 510 Legimus
612 440 725 510 quidem
748 436 994 507 aliquostestimo·
1046 437 1174 496 clemens
1187 439 1252 497 iiior
1282 441 1446 512 ieoit,quos
1466 437 1684 511 periturosesse
1706 439 1869 511 prescivit?

162 535 243 592 nium
274 533 419 597 habentes,
444 531 519 600 quod
548 530 665 587 fecerint
695 544 755 599 que
784 527 859 584 Deus
893 525 991 595 noluit,
1045 523 1346 600 Miraotimportunr,
1375 528 1475 586 imoet
1502 528 1628 585 violento
1642 529 1770 600 questio,
1786 537 1814 587 ot
1827 530 1870 588 sic

161 621 287 693 exempti
301 623 399 688 gratie.
416 629 447 674 ut
478 620 578 685 Derid,
590 621 624 675 de
648 634 702 689 quo
719 616 877 687 ipsedirit:
896 616 993 671 inurat
1042 614 1151 686 inopte,
1168 627 1197 675 ut
1224 620 1357 677 insensu
1378 619 1440 691 eius
1455 618 1536 676 uuita
1553 615 1587 672 sit
1605 617 1684 675 ratio.
1703 617 1774 686 Quid
1793 621 1869 676 enim

161 710 412 768 uirumrecuudum
434 724 598 772 cormeum,
626 706 715 763 Dauid
739 702 990 777 filiurnierre,qui
1043 702 1188 774 nisinuod
1217 707 1343 766 tutorum
1372 707 1574 779 erntprtesciri
1603 706 1871 780 poterutirttquo·

154 801 243 872 [crint
257 815 349 856 omncs
364 798 525 854 uoluntates
536 813 608 856 meus
624 797 693 870 (det.
711 797 781 865 arri).
796 796 848 849 Seri
866 810 918 850 nee
936 793 990 848 isto
1042 796 1126 850 modo
1143 812 1199 853 non
1217 796 1384 869 uerendum
1400 797 1496 855 cieret
1516 797 1557 853 ric
1583 797 1707 853 tutorum
1723 812 1784 854 csso
1795 814 1871 869 prte-

158 890 342 956 oruuiaiecit,
360 904 421 959 quae
438 887 512 944 Deus
530 895 623 942 noster
639 886 737 955 roluit,
748 884 805 941 imo
820 892 847 940 et
859 882 986 953 quedam
1040 883 1143 940 scitum
1160 886 1285 943 iuieseti
1313 887 1442 944 vicinius
1458 887 1570 942 ratione
1584 894 1670 953 esset,
1697 885 1720 941 si
1739 887 1866 945 itadice·

159 978 236 1045 iecit,
253 993 315 1049 que
332 976 408 1032 Deus
421 975 521 1031 notuit.
538 976 616 1030 Etde
633 975 742 1043 augelis
756 972 824 1045 quid
840 969 989 1028 dicemus?
1039 980 1133 1029 retur:
1152 978 1242 1042 Quare
1261 976 1450 1033 substantiam
1475 977 1614 1032 mutorum
1638 976 1768 1045 spiritum
1796 978 1868 1034 [teus

160 1067 236 1133 Ecce,
251 1066 428 1136 aituuidurn,
458 1065 520 1120 ccii
535 1079 589 1119 uon
603 1073 668 1120 rurrt
683 1063 782 1118 ouandi
794 1063 824 1117 io
843 1071 986 1132 conspectu
1039 1060 1082 1118 rel
1100 1064 1248 1123 homiuum
1271 1066 1425 1137 impiorum
1448 1066 1600 1122 subsistere
1623 1067 1768 1137 permittit,
1794 1084 1866 1140 quo·

162 1150 987 1230 ejus,quantomupirhermodomr'rrodiiisetinutitir,pui
1039 1151 1117 1209 niam
1133 1155 1207 1209 muto
1221 1153 1358 1223 subsistit,
1375 1161 1404 1211 et
1419 1170 1476 1210 uon
1507 1152 1636 1214 funditus
1659 1155 1774 1214 interire
1790 1157 1867 1224 iacit,
1960 1163 1961 1206 t

160 1243 231 1300 titio
243 1246 324 1317 pueri
336 1262 439 1317 cauum
466 1243 673 1317 imquitatem?
688 1242 758 1314 (iob,
769 1242 825 1312 xv.)
841 1239 903 1298 Non
919 1255 986 1310 ergo
1038 1241 1110 1297 sicut
1123 1242 1217 1299 interit
1232 1250 1260 1300 et
1274 1261 1336 1301 esre
1351 1242 1453 1301 desiuit
1470 1244 1587 1314 spiritns
1606 1244 1755 1316 junreutii
1773 1246 1869 1317 Posset

158 1333 293 1407 aliusqui
317 1352 367 1407 pro
400 1334 527 1401 ilio,sed
556 1334 679 1404 ipsemet
705 1330 781 1387 Deus
810 1328 986 1386 nosteriecit
1038 1345 1162 1401 uanique
1188 1334 1352 1404 responderi
1380 1334 1630 1405 innumeremus
1653 1350 1763 1408 semper
1790 1336 1868 1393 sitin
1960 1353 1961 1362 ¹

158 1425 446 1495 omniaquecunque
467 1423 735 1493 votuit.Sititaque
756 1421 829 1476 istud
848 1420 919 1491 quod
938 1417 985 1473 di·
1038 1422 1185 1492 poenecui
1213 1421 1427 1494 procuipusun
1450 1425 1523 1479 desit
1545 1434 1647 1481 utnon
1663 1425 1870 1497 eitrempcriu

158 1520 298 1581 ctumest,
319 1513 606 1584 omniaqueounquo
631 1510 720 1565 votuit
749 1508 827 1572 iecit,
848 1523 983 1576 magnum
1035 1510 1136 1580 gioria.
1154 1515 1239 1567 Porro
1270 1511 1322 1570 Dei
1348 1513 1457 1582 justitia
1472 1514 1600 1582 nunquid
1622 1514 1717 1584 junior
1730 1523 1772 1571 est
1787 1531 1873 1587 quam

156 1610 296 1660 etverum
314 1604 488 1673 preconium
516 1607 572 1657 tarn
589 1600 721 1671 potentie
744 1614 831 1670 quam
849 1597 983 1653 bonitatis
1037 1599 1099 1668 ejus
1120 1601 1327 1670 praecientia?
1356 1604 1456 1675 ltaque
1481 1603 1559 1659 sicui
1584 1620 1641 1660 uon
1669 1605 1805 1675 injustum
1829 1614 1872 1663 est

160 1692 208 1749 Dei
239 1691 421 1763 uostri,quia
451 1691 583 1747 videlicet
606 1697 661 1745 tam
688 1688 781 1745 bonus
804 1695 857 1756 est,
879 1693 909 1742 ut
924 1685 984 1740 soie
1002 1689 1113 1772 Bouod
1132 1704 1209 1745 nunc
1226 1691 1328 1746 ritiatre
1358 1701 1565 1748 creaturenon
1594 1691 1730 1749 interimit
1745 1694 1874 1752 tunditur

157 1781 269 1838 bonnet
284 1781 380 1838 omniu
396 1780 469 1837 iruna
494 1779 622 1848 roiuerit,
637 1787 692 1834 tam
705 1786 814 1848 potens,
830 1779 872 1847 {ut
887 1775 985 1832 iecerit

156 1872 257 1927 endem
272 1870 370 1926 omnia
385 1885 446 1941 ιιι
464 1869 707 1926 roluittlaeterum
724 1867 843 1938 quisque
855 1868 983 1922 nostrum

58 1973 67 1986 ·
157 1976 241 2030 purru
251 1967 279 2016 et
293 1974 382 2031 pauco
396 1959 540 2016 interdurn
553 1958 628 2014 bonu
643 1957 766 2028 cupit,et
776 1955 874 2012 eadem
890 1953 984 2011 iacere

155 2049 262 2121 nequit.

405 2135 483 2194 28⁰
499 2136 615 2193 ceput
627 2134 727 2192 xtltt.

157 2228 262 2300 Deum,
278 2228 304 2287 ri
320 2226 455 2289 uoluisset
480 2226 591 2287 muium
606 2226 685 2305 fieri,
702 2223 782 2306 quod
794 2222 855 2301 ipre
875 2227 905 2285 r'n
921 2223 983 2302 pio·

197 2309 276 2368 rium
290 2328 372 2369 suom
389 2307 564 2386 corriperet,
581 2324 641 2366 non
655 2303 820 2386 praemiet!
833 2324 871 2365 eu·
886 2303 982 2365 debito

190 2400 425 2468 suscepteeurne
437 2407 558 2468 pessum
579 2406 649 2448 esre.

1044 1774 1243 1846 substantium,
1258 1778 1369 1836 sienun
1395 1778 1533 1848 iniustum
1550 1780 1600 1836 ioit
1626 1783 1699 1851 quod
1716 1789 1872 1854 etpraesci·

1044 1871 1099 1920 turn
1117 1866 1262 1923 dumnurit
1278 1869 1460 1937 meirtium,et
1475 1879 1568 1925 tumen
1586 1886 1642 1924 uon
1654 1872 1748 1927 omisit
1765 1872 1870 1930 bouum
1962 1913 1963 1940 3

1042 1969 1139 2013 creare
1153 1965 1294 2014 naturum.
1325 1958 1426 2015 Verum
1441 1957 1506 2029 quia
1519 1959 1590 2015 nihil
1608 1961 1676 2016 satis
1693 1968 1734 2017 ιιι
1749 1962 1871 2034 inquisi-

1042 2044 1097 2101 tori
1113 2048 1302 2114 contentioso,
1327 2047 1389 2118 jum
1415 2062 1493 2106 uuoe
1516 2050 1645 2105 dicamus
1660 2049 1685 2107 ei
1708 2066 1773 2108 cum
1795 2060 1876 2123 Apo·

1043 2132 1172 2193 cretoso
1199 2136 1290 2205 iomo,
1305 2144 1336 2193 tu
1351 2136 1413 2210 quir
1432 2154 1460 2194 cr
1479 2139 1527 2210 qui
1542 2140 1706 2213 respondeus
1728 2140 1870 2201 Droietc.

1043 2224 1130 2296 (tium.
1146 2228 1197 2297 rx.)

1351 2316 1467 2375 CAPUT
1482 2317 1560 2376 XXV.

1044 2407 1129 2483 Quod
1142 2414 1175 2469 in
1183 2408 1332 2490 propterte
1347 2421 1408 2474 ert:
1424 2436 1439 2468 u
1454 2411 1486 2475 E
1486 2432 1525 2494 pu
1540 2412 1684 2476 Dominus
1690 2416 1804 2496 luerem
1815 2438 1874 2499 pu·

191 2486 272 2542 Absit
301 2487 386 2558 igitur
409 2487 585 2557 huiusmodi,
615 2494 644 2542 ut
673 2493 797 2556 putatur,
825 2483 982 2555 assumptio
1080 2508 1152 2561 cem,
1169 2502 1198 2551 et
1220 2510 1324 2553 ereum
1339 2492 1464 2566 mutum,
1489 2513 1575 2554 »nou
1591 2493 1719 2557 demuto
1741 2505 1871 2579 peceati,

153 2578 297 2647 fermenti,
328 2593 456 2647 ne‚cum
478 2578 615 2635 cecinerit
644 2576 727 2633 nobis
755 2574 926 2648 spirituus.
951 2577 980 2631 in
1082 2569 1274 2632 reddemrto
1301 2571 1573 2658 alterutramque
1598 2584 1874 2662 utsuerrcetpoti
1964 2629 1965 2652 ,

151 2666 383 2726 Dariddieeute:
411 2668 483 2724 Deru
500 2673 595 2724 cutem
617 2671 711 2724 noster
740 2667 859 2733 incute,
888 2666 982 2722 omnio
1081 2651 1198 2712 inierit
1211 2652 1365 2733 differunt,
1377 2655 1448 2717 “1'01'·

150 2754 981 2831 quaeeunqueuotur‘tfecitdicumus(Proteum):Voluituu
1077 2749 1206 2807 Tandem
1232 2751 1311 2808 locus
1338 2753 1483 2823 admouet,
1500 2758 1531 2809 ui
1554 2756 1685 2813 dicemus
1706 2759 1873 2829 essequod·

150 2852 207 2903 tem
223 2855 272 2903 out
284 2846 341 2902 ruit
357 2848 462 2903 maium
480 2846 767 2917 tieri.Gonsequenter
785 2844 861 2901 enim
874 2843 982 2900 interro
1041 2839 1118 2907 dam,
1134 2840 1182 2895 sed
1204 2855 1262 2897 nou
1275 2840 1401 2911 ciusdem
1424 2843 1536 2913 generis
1564 2844 1683 2914 malum,
1713 2847 1786 2918 quod
1807 2863 1872 2905 nou

158 2935 265 3006 licebit,
283 2937 429 3005 iecitergo
459 2935 564 2991 muium
582 2934 653 3004 tieri,
673 2934 738 2990 iecit
754 2949 820 3003 ergo
835 2932 980 2989 hominem
1038 2929 1211 2986 sotumreiit
1237 2929 1371 3002 fieri,sed
1389 2937 1418 2988 ct
1437 2932 1595 3005 iaciutipse
1626 2939 1708 3006 Deus,
1733 2939 1873 3008 quemod-

153 3026 341 3094 praerurieuri.
367 3025 431 3081 Νοιι
457 3033 512 3080 tam
539 3032 634 3094 operte
668 3032 799 3095 tunquam
827 3024 982 3094 procaciter
1038 3019 1199 3077 modumin
1225 3020 1361 3092 prophete
1390 3021 1477 3079 dicit:
1504 3024 1559 3094 Epo
1585 3024 1726 3091 Dominus,
1754 3025 1869 3097 tociens

151 3114 245 3169 dicere
259 3130 350 3169 ausus
364 3118 407 3169 est
421 3113 482 3183 ipse
498 3116 623 3169 tumidus
646 3114 779 3169 deterreor
793 3113 846 3179 sui,
863 3128 978 3170 accusa·
1035 3124 1129 3179 pacem
1145 3117 1280 3165 recreans
1299 3111 1408 3166 ructum
1432 3113 1593 3187 {iro.rr1.r).
1619 3117 1687 3174 Item
1710 3116 1783 3172 eiius
1798 3132 1868 3188 pro·
1964 3101 1966 3134 ⁷

151 3201 270 3270 torDei,
299 3203 347 3259 sed
375 3219 407 3258 ex
435 3203 551 3274 obliquo
570 3202 654 3258 iilum
677 3203 785 3280 tetigit:
802 3202 910 3270 ttotter,
932 3203 978 3259 in·
1033 3196 1116 3268 pheta
1131 3198 1266 3256 dicittsi
1279 3199 1332 3256 crit
1346 3201 1450 3257 motum
1464 3203 1493 3257 in
1509 3204 1623 3260 ciuitate
1642 3203 1713 3278 puori
1728 3206 1871 3262 Dominus

159 3291 270 3364 quiens,
283 3308 366 3364 quom
389 3291 491 3348 dedisti
505 3291 575 3348 mitri
591 3293 704 3359 socium,
716 3291 797 3348 dedit
812 3292 885 3348 milri
900 3301 925 3349 et
936 3309 978 3349 eo·
1030 3301 1085 3342 ποι
1099 3286 1219 3357 iecerit?
1229 3287 1331 3362 (Amet.
1348 3291 1406 3363 ιιι.)
1423 3289 1487 3347 Haec
1503 3298 1532 3348 ct
1549 3293 1711 3364 huiusmodi
1739 3295 1868 3366 petroci·

161 3382 236 3438 medi
249 3381 323 3455 (Gen,
342 3383 397 3452 nr),
422 3393 451 3439 et
466 3389 560 3439 tumen
591 3383 625 3438 de
641 3382 770 3454 purudiso
798 3383 906 3454 ejectus
925 3386 977 3440 esi.

152 3473 231 3536 Quod
261 3471 287 3528 si
311 3472 358 3527 tuti
384 3487 449 3529 eum
477 3481 697 3542 temperamento
721 3473 841 3542 dicutur,
872 3473 978 3530 idcirco

151 3559 243 3619 voluit
262 3561 371 3616 muium
386 3560 456 3617 iliud
473 3558 544 3628 fleri,
562 3570 590 3615 ut
607 3560 656 3619 iilo
674 3570 796 3619 uteretur
812 3561 841 3619 iu
858 3561 976 3630 bouum,

151 3659 180 3707 ut
196 3658 368 3707 essetecum
396 3666 448 3707 cur
460 3650 607 3708 homiuem
629 3661 794 3722 assumeret,
819 3652 978 3723 perditum-

152 3755 205 3812 que
220 3756 304 3813 supra
320 3741 419 3813 primm
434 3740 731 3812 originisdignitutem
741 3749 978 3814 repararet,utque

153 3830 206 3887 hoe
221 3831 306 3888 modo
321 3831 478 3903 potentiam
489 3845 569 3887 suem
585 3836 683 3887 uotum
698 3833 815 3898 fuceret,
825 3839 852 3888 et
866 3831 978 3887 diritius

148 3922 242 3992 giorie
258 3937 315 3977 sue
330 3923 503 3991 ostenderet,
516 3920 640 3992 emplius
653 3928 737 3993 etque
751 3921 875 3992 amplius
887 3922 977 3978 offen·

148 4011 259 4082 demur,
286 4011 449 4082 quicunque
478 4010 596 4081 gretiam
624 4011 672 4066 Dei
700 4010 877 4081 agnouimus.
906 4010 977 4067 Num

151 4098 205 4155 hoc
221 4107 302 4169 pacto
317 4099 407 4168 gretie
431 4100 491 4169 jam
509 4107 620 4156 uoucst
634 4099 734 4168 gretia.
746 4098 809 4156 Nou
824 4101 900 4155 euim
916 4116 977 4171 gra·

151 4188 197 4253 tis,
213 4189 261 4244 sed
277 4203 311 4243 ox
340 4187 435 4244 debito
445 4186 520 4243 Deus
549 4186 629 4244 homo
655 4186 755 4257 iactus,
777 4196 804 4245 et
819 4204 868 4258 pro
885 4188 977 4245 homi-

151 4277 236 4332 nibus
252 4292 352 4348 pessus
377 4284 431 4343 est,
448 4275 472 4330 si
500 4276 589 4333 votuit
604 4278 664 4347 ipse
687 4277 794 4332 metum
813 4277 884 4340 tieri,
900 4280 975 4350 quod

147 4383 199 4439 pro
211 4369 374 4423 ostensione
390 4365 485 4437 glorie
510 4383 567 4423 sure
578 4369 739 4439 corrigeret.
769 4367 829 4424 Non
846 4369 885 4423 ita
899 4368 976 4426 Deus

1034 3377 1113 3431 uium
1127 3376 1199 3433 serre
1219 3378 1333 3434 ridetur
1358 3381 1520 3451 supradicto
1536 3380 1644 3449 sensui,
1659 3390 1757 3439 contra
1771 3399 1862 3454 quem

1033 3464 1117 3520 nobis
1136 3482 1259 3534 praesens
1287 3483 1380 3523 sermo
1402 3475 1455 3525 est.
1480 3469 1536 3526 Sed
1569 3470 1629 3527 hee
1654 3470 1737 3528 aliter
1759 3470 1868 3530 debere

1032 3553 1154 3624 intelligi
1179 3564 1206 3612 et
1235 3557 1305 3613 ratio
1330 3561 1432 3629 sponte
1467 3561 1620 3629 consentit,
1653 3568 1682 3618 et
1706 3562 1865 3620 auetoritau

1031 3648 1149 3701 Petrum
1164 3645 1384 3704 orthodoxorum
1406 3647 1500 3706 trudit.
1514 3650 1644 3708 Dicemus
1656 3666 1721 3721 ergo
1734 3669 1741 3708 ι
1756 3650 1865 3709 Maium

1032 3735 1105 3807 quod
1121 3742 1196 3790 erent
1215 3735 1356 3793 Dominus
1385 3737 1427 3793 rei
1453 3737 1529 3808 iacit,
1557 3738 1675 3797 rissietio
1695 3749 1736 3797 est
1764 3741 1867 3799 debite

1033 3824 1108 3880 maio
1124 3826 1196 3896 quod
1223 3825 1360 3882 Dominus
1380 3842 1433 3884 uec
1447 3826 1515 3884 iecit
1544 3844 1595 3885 neo
1609 3830 1668 3887 iteri
1683 3831 1784 3888 votuit.
1796 3833 1863 3890 Hoc

1032 3912 1257 3969 maturudicitur
1282 3914 1411 3986 quidem,
1441 3918 1488 3973 sed
1519 3925 1645 3985 nonest,
1675 3934 1739 3976 cum
1762 3920 1864 3990 potius

1034 4003 1139 4057 nouum
1155 4001 1200 4056 stt.
1227 4001 1275 4057 [ist
1290 4003 1367 4057 enim
1376 4003 1453 4072 justo
1476 4005 1611 4076 vindicta,
1624 4008 1725 4065 riudex
1735 4006 1862 4078 justitie.

1031 4089 1141 4146 Dicitur
1154 4098 1247 4146 uutenr
1274 4091 1381 4148 muium
1413 4094 1493 4164 juxte
1519 4111 1618 4153 sensus
1647 4096 1791 4170 patieutis,
1816 4107 1865 4154 est

1032 4180 1150 4248 bonurn,
1166 4180 1247 4238 idest
1277 4182 1350 4238 bone
1361 4183 1481 4253 justitia,
1494 4186 1574 4257 juxto
1598 4189 1737 4246 rationem
1755 4188 1866 4246 incien-

1032 4269 1078 4324 tis.
1097 4269 1154 4325 Nec
1169 4285 1235 4327 uero
1248 4270 1427 4329 solummodo
1456 4276 1573 4343 maium,
1589 4279 1636 4333 seri
1652 4277 1736 4332 etiem
1749 4276 1863 4335 melitio

1031 4358 1145 4430 dicitur,
1175 4360 1343 4417 auctoritate
1363 4361 1585 4433 Scripturnrum.
1597 4368 1725 4438 Namque
1737 4366 1768 4422 iu
1782 4364 1861 4423 Jouu
1903 4429 1905 4432 ,

148 4457 280 4527 egit‚seri
312 4456 504 4512 homiucrnse
526 4457 641 4513 notente
663 4456 907 4528 prevaricatorem
929 4437 1290 4520 ia·090i¹i‘¹⁰¹¹¹0⁵¹²ffl
1320 4451 1386 4506 ''¹⁸³ss
1408 4453 1477 4508 ⁰⁶¹³
1506 4469 1707 4526 0ii⁶r⁰0071⁸m2
1726 4458 1859 4528 iiim·

147 4554 225 4602 ctum
240 4560 289 4600 sua
304 4544 449 4601 uoluntate
460 4547 590 4602 redemit.
600 4546 708 4603 Omnes
722 4546 842 4604 omniuo
859 4564 907 4618 per
923 4548 973 4606 de·

148 4633 241 4691 bitum
252 4633 370 4704 justitie
387 4632 416 4690 iu
447 4649 503 4691 uuo
520 4635 601 4691 morti
618 4636 736 4703 addixit,
757 4652 858 4694 omnes
877 4653 974 4694 rursus

147 4723 180 4780 iu
196 4738 252 4780 uuo
266 4724 450 4793 pergratiam
467 4724 668 4781 misericordie
685 4723 846 4783 ririircauit.

446 4814 564 4871 CAPUT
575 4814 672 4872 XXIV.

149 4903 399 4981 Quemadmodum
410 4924 470 4964 non
482 4905 592 4976 injuste
600 4906 678 4967 Beue
688 4907 883 4968 roborantium
893 4926 974 4970 ereo·

185 4995 263 5047 turae
277 4987 340 5062 jum
356 4984 637 5066 or·rioraeperdtr.r·ra
651 5006 710 5048 non
725 4994 833 5059 injuste
850 4993 973 5068 proeeei·

186 5078 245 5128 tum
261 5068 363 5144 futuri
376 5065 661 5128 demiursmolr'tr'um
685 5066 850 5129 damnasse.

181 5165 322 5222 Ultimum
338 5165 647 5235 eorumquesuperius
658 5166 744 5237 quaeri
763 5164 972 5232 dirimusiilud

146 5255 199 5319 ιιι,
216 5269 267 5310 ιιι
287 5258 359 5311 [teus
386 5255 514 5311 omniurn
532 5256 666 5325 prescius
679 5253 742 5309 riios
770 5252 898 5324 permisit
912 5253 973 5310 iicri

145 5340 188 5394 rei
207 5342 295 5406 nesci.
311 5341 416 5415 quibus
431 5340 533 5398 metius
548 5349 617 5410 erut,
634 5341 658 5398 si
686 5357 743 5398 non
762 5342 878 5397 tuissent
892 5341 970 5410 iacti,

143 5427 186 5484 rei
204 5430 273 5496 uati,
289 5446 321 5488 co
350 5433 424 5503 quod
440 5434 475 5486 ed
492 5431 577 5487 ritum
602 5448 659 5488 non
678 5437 758 5487 erant
778 5430 969 5503 preordinati.

143 5517 320 5591 Simpliciter
335 5522 438 5594 quippe
454 5520 556 5578 meiius
571 5528 613 5578 est
634 5535 692 5578 nou
706 5520 871 5595 subsistere,
886 5538 970 5596 quam

1027 4540 1101 4594 uersi
1123 4543 1188 4594 runt
1209 4538 1242 4595 de
1256 4541 1303 4595 cio
1330 4557 1385 4598 ruo
1418 4543 1689 4611 malmesmeriensis
1713 4551 1754 4602 ert
1773 4561 1862 4618 super

1029 4627 1140 4682 mutititr
1154 4642 1237 4699 quom
1266 4628 1374 4684 locutus
1391 4630 1498 4701 suerat,
1514 4641 1544 4687 ut
1568 4634 1674 4703 taceret
1689 4634 1739 4703 cir,
1759 4640 1856 4691 cirron

1027 4717 1094 4790 tecit
1114 4721 1204 4793 (teon.
1221 4719 1276 4791 ιιι).
1291 4721 1395 4777 italum
1426 4721 1603 4797 hujusmodi,
1633 4726 1717 4783 idest
1746 4727 1857 4784 muium

1027 4808 1200 4875 adductionis,
1216 4816 1243 4866 et
1273 4809 1378 4867 muium
1394 4811 1429 4869 de
1443 4829 1498 4885 quo
1522 4830 1607 4885 supro
1633 4815 1809 4888 dicebamur,
1825 4817 1857 4874 td

1028 4903 1070 4956 est
1085 4898 1191 4955 maium
1208 4900 1315 4969 porceti
1331 4916 1389 4959 non
1402 4911 1469 4961 sunt
1497 4905 1623 4975 ejusdem
1647 4907 1770 4979 generis,
1785 4915 1856 4966 tun·

1028 4997 1145 5060 tumque
1169 4986 1305 5045 ditioruut
1334 5001 1471 5061 quonium
1501 4995 1557 5051 duo
1582 5011 1686 5063 uenero
1700 4997 1855 5066 generatis·

1027 5076 1109 5142 simu,
1139 5074 1231 5132 iacere
1244 5082 1270 5131 et
1294 5076 1362 5148 poti.
1382 5079 1508 5153 Denique
1536 5083 1643 5140 mutum
1661 5084 1769 5155 percuti
1785 5084 1857 5143 iecit

1027 5172 1174 5233 crenturu3
1204 5165 1309 5235 potitur
1341 5177 1437 5225 eutem
1467 5169 1573 5227 malum
1603 5171 1791 5232 adflictionis:
1827 5181 1856 5232 et

1027 5261 1143 5311 econtra
1177 5253 1285 5312 maium
1314 5253 1479 5313 utssictiouie
1508 5259 1576 5315 imit
1603 5265 1727 5328 Creator,
1747 5260 1855 5333 patitur

1026 5352 1132 5410 eutem,
1146 5344 1274 5414 quumvis
1289 5344 1513 5416 impossibiliter,
1532 5347 1591 5405 ireri
1608 5352 1713 5407 matum
1732 5351 1853 5421 percuti.

1026 5436 1069 5492 Ad
1084 5434 1189 5491 muium
1207 5435 1315 5504 peccati
1341 5437 1485 5507 pertinent
1501 5453 1680 5513 quaeeunque
1695 5457 1853 5514 cooperen-

1026 5539 1072 5582 ιιι
1088 5524 1124 5581 ud
1139 5528 1260 5581 mortem
1287 5524 1401 5595 anime,
1433 5532 1608 5599 quambene
1636 5546 1693 5588 nou
1723 5529 1801 5604 iecit,
1817 5532 1853 5589 nd
