3950 6034
74 328 132 389 tot
498 328 653 390 oteuoo.
676 327 803 392 INTER
822 329 975 392 annisu.
1000 329 1049 391 at
1071 326 1160 391 JUD.
1183 360 1221 372 -
1243 325 1315 389 biB.
1338 329 1363 389 1.
1728 334 1790 395 ibi

73 462 207 547 animem.
218 461 258 545 'ur
272 458 387 517 interim
401 478 477 519 nunc
490 470 594 544 taccam
606 461 640 517 de
654 463 752 518 amicit
768 461 928 519 bominibus
946 463 1026 520 bonae
1036 461 1198 529 uoluntatis,
1215 458 1344 531 anutium
1358 478 1434 518 nunc
1447 464 1578 521 mibinon
1587 467 1691 534 minus,
1707 471 1732 523 el
1746 474 1788 535 tu,

74 551 125 661 zm
141 533 177 589 ud
191 534 243 588 dtu
258 541 381 601 optatum
393 532 585 603 mecompcllru
595 535 812 605 opusculummt,
826 538 1060 606 inquomloceam
1074 534 1108 589 de
1125 532 1346 603 bominibut,oui
1361 534 1535 591 medormire
1548 537 1783 608 aestimatione

100 621 158 690 eus
167 604 217 688 lici
225 605 335 688 uerbum
351 606 475 660 clitueurn
487 604 541 687 sibi
553 621 609 661 cese
622 606 681 661 otis
692 607 746 660 mei
758 621 813 661 non
828 610 934 675 potitur
947 605 1152 670 antummodo
1166 603 1331 676 quibusdam
1340 621 1423 676 super
1436 622 1479 661 me
1493 607 1536 665 ius
1550 624 1684 664 caerem
1698 614 1787 681 manis

74 684 157 759 suris
172 692 229 744 suc,
244 686 274 758 ut
286 692 309 732 tr
325 677 436 740 oetam,
452 676 487 731 de
500 692 559 744 ipsso
574 682 665 732 tacere
679 693 734 733 non
747 675 859 747 possim.
871 678 1018 745 tntcttcem
1031 694 1073 732 sne
1084 677 1126 730 oet
1139 677 1169 730 in
1186 677 1236 730 buc
1250 686 1326 746 parte
1336 677 1460 747 profiteri
1470 695 1525 735 non
1535 679 1703 752 oudeoouio
1716 697 1788 737 non·

75 749 167 804 nullu
176 751 373 830 capersmentis
387 749 592 831 aliquantipser
605 747 691 804 didici
706 763 766 819 qiua
780 750 817 803 sit
832 749 884 803 illo
895 751 936 804 uis
949 749 999 803 sub
1010 765 1064 820 qua
1074 746 1209 817 deficiunt
1223 747 1319 815 [elices
1330 748 1601 820 etsancti.()uulium
1613 751 1646 807 tle
1656 753 1788 808 menimis

76 837 154 903 unus
167 824 308 878 ieremias
322 836 384 875 curn
394 824 591 947 grunnirent:
608 841 622 870 a
640 822 671 875 Et
684 821 777 891 [meus
787 820 907 874 eetmibi
920 834 1012 875 sermo
1033 821 1142 874 tremens·
1158 820 1186 873 in
1204 819 1383 885 opprobrium
1401 826 1429 874 et
1444 823 1473 876 in
1486 821 1608 877 deinum
1628 831 1686 877 tutta
1702 822 1747 879 die
1761 834 1787 881 et

75 893 163 977 dreit
173 908 189 974 εΔ
200 891 257 973 tion
275 891 390 946 recorda
410 907 444 946 or
456 893 516 972 clus
531 906 617 962 sieque
628 891 725 963 loquar
738 894 768 946 in
783 893 896 946 nomine
909 893 968 962 ejus
981 893 1046 959 (ier.
1062 893 1135 961 xx).·
1155 888 1286 944 Protinus
1300 892 1340 945 ait
1354 909 1387 948 :a
1403 892 1434 946 Et
1444 896 1535 959 tuctus
1549 896 1624 949 estin
1636 893 1717 949 corde
1729 910 1791 950 mco

78 980 162 1037 onesi
177 969 420 1046 contrectationes
433 961 534 1034 (ibid).
552 985 566 1011 n
581 963 729 1018 Psalmielo
744 976 849 1033 quoque
862 963 1012 1018 secundum
1026 964 1151 1018 eumdem
1176 977 1288 1015 sensum
1316 977 1378 1016 tum
1392 962 1527 1018 dixisset:
1540 988 1554 1015 «
1573 967 1657 1021 Potui
1672 966 1715 1021 ori
1731 981 1790 1022 mco

75 1034 327 1101 custodatm,cum
352 1036 511 1089 consisteret
539 1039 664 1105 peccator
691 1033 839 1089 aduentum
867 1049 933 1102 me,·
955 1034 1081 1090 obmutui
1108 1031 1313 1088 etbumiliatus
1341 1035 1536 1097 tametsilui
1558 1052 1578 1090 a
1607 1037 1685 1092 bonis
1702 1036 1790 1109 (Paul.

76 1112 211 1190 axxvru),
230 1127 245 1155 u
255 1108 385 1188 pretinm
398 1105 532 1176 detectum
545 1121 627 1160 tuum
642 1104 767 1160 insinuat
782 1104 826 1160 bis
837 1104 927 1160 cer-bie
945 1119 952 1158 :
973 1128 987 1154 n
1013 1107 1044 1160 Et
1060 1105 1139 1161 dolor
1152 1118 1230 1157 mous
1245 1108 1450 1161 renouatutest.
1482 1105 1625 1162 Consuluit
1638 1123 1686 1161 cor
1700 1125 1792 1164 mcum

77 1186 157 1235 intro
178 1194 233 1260 'me
257 1183 283 1234 tt
311 1193 343 1232 tn
367 1177 547 1233 meditatione
572 1193 635 1231 meu
664 1175 821 1232 exardescet
837 1176 912 1245 ipnir
935 1176 1027 1246 (ibid.)
1054 1198 1068 1225 u
1103 1174 1277 1244 Statimque:
1294 1198 1304 1222 ι
1322 1176 1441 1230 Locutus
1464 1194 1534 1239 sum,
1568 1182 1619 1246 ait,
1636 1181 1666 1233 in
1693 1177 1794 1249 tinpua

77 1267 143 1306 mea
159 1248 268 1323 (ubtuli,
286 1248 491 1311 >inobauditam
516 1248 566 1319 oui
580 1256 670 1303 tatere
684 1248 868 1303 mssreoernm.
887 1248 1028 1305 Nimirum
1049 1264 1159 1302 sensum
1176 1245 1323 1301 uerborum
1338 1252 1526 1318 coperimento
1541 1250 1643 1304 melius
1668 1249 1795 1305 addidici

76 1339 162 1394 ouum
179 1321 299 1378 lectione
312 1319 452 1376 addiscere
464 1321 599 1390 potuerim
614 1328 653 1374 ost
667 1318 732 1374 tsine
747 1323 787 1374 est
800 1320 875 1390 quod
887 1324 914 1374 et
927 1335 980 1390 epo
993 1335 1067 1374 nunt
1079 1333 1163 1389 utque
1178 1317 1284 1372 locutus
1308 1333 1379 1383 tum,
1396 1329 1423 1373 et
1447 1321 1542 1389 lootw
1564 1322 1594 1376 in
1619 1321 1717 1390 linono
1733 1338 1794 1377 mea

79 1398 177 1466 trente
203 1396 345 1455 isactcnut,
360 1397 387 1446 et
414 1392 486 1445 dura
507 1390 673 1461 famaquam
700 1390 963 1446 conmutationem
991 1389 1034 1445 bit
1062 1391 1181 1453 anissis,
1205 1403 1265 1458 oaae
1290 1392 1363 1457 torte
1381 1391 1500 1445 nimiam
1534 1394 1664 1445 oittrntur
1686 1396 1793 1461 spirare

78 1466 292 1536 confidentium,
308 1479 380 1534 quan
402 1479 467 1518 uutn
481 1465 516 1517 sit
531 1462 688 1517 bumilitate
700 1461 818 1517 remam
832 1461 932 1516 utilior
946 1463 1060 1516 humilis
1075 1461 1246 1530 confidentis,
1274 1460 1336 1529 jam
1364 1464 1563 1518 nunciarem
1592 1464 1733 1531 inprediar
1762 1465 1791 1519 in

76 1535 241 1609 opueouod
268 1544 298 1590 tu
319 1480 427 1601 domitu
452 1537 603 1616 exspectas,
625 1532 794 1602 jamdudum
823 1533 993 1589 statementer
1018 1535 1163 1603 eternitas.
1193 1532 1390 1586 Constituendo
1418 1536 1458 1588 ert
1484 1532 1565 1595 miti,
1594 1506 1794 1605 qnoniom⁸ita

77 1612 217 1690 paululas,
238 1607 366 1680 aurulam
390 1606 549 1662 Cbristtune
572 1603 808 1661 contraludaeum
836 1605 1043 1671 nnoaomocttia,
1069 1617 1109 1659 tta
1125 1614 1154 1658 ut
1180 1602 1229 1657 sub
1254 1601 1365 1671 diatooo
1390 1614 1475 1659 totum
1501 1605 1623 1660 duellum
1650 1607 1792 1673 procedat,

80 1678 294 1736 Cimolianoad
316 1677 395 1746 pidem
419 1677 606 1747 eoanpelieam
633 1678 772 1730 invitante
800 1676 939 1743 intimum,
954 1677 1046 1731 lutaeo
1070 1679 1321 1747 quantumcumque
1335 1680 1422 1741 potest
1446 1693 1483 1732 en
1506 1677 1602 1731 littera
1616 1677 1685 1747 teoto
1711 1685 1789 1734 elea

77 1768 161 1834 uentu
174 1767 224 1807 eno
246 1748 448 1829 repercutiente
474 1748 671 1803 Curiutianum⁴
692 1748 777 1802 Putas
800 1748 877 1802 enim
896 1751 921 1801 et
946 1750 1022 1829 [orte
1037 1763 1092 1801 non
1108 1748 1232 1802 triunitas·
1247 1745 1399 1813 existimas,
1416 1748 1486 1817 qnod
1501 1747 1558 1803 tuuc
1586 1747 1750 1819 disputatio,
1766 1754 1792 1805 et

76 1841 103 1879 ee
123 1839 180 1879 non
203 1835 357 1877 ammiano
377 1824 418 1874 erl
439 1821 585 1883 ueteranis,
611 1820 708 1874 sallem
731 1818 836 1873 nutrit
863 1825 964 1888 poterit
988 1822 1116 1887 prodesse
1142 1814 1301 1882 tirunculis,
1316 1833 1379 1871 etim
1402 1834 1438 1873 eu
1463 1819 1643 1874 multitudine
1671 1824 1737 1887 trois
1765 1825 1792 1877 ct

75 1896 285 1968 prophetarum,
309 1893 504 1948 siveomuium
524 1893 681 1946 sanclnrum
711 1889 930 1960 Scripturarum,
961 1890 1057 1960 aliqua
1081 1891 1164 1944 simul
1183 1896 1310 1955 conpesce
1333 1888 1379 1943 itia
1408 1891 1690 1961 immunitionibus
1718 1892 1793 1947 uelut

76 1968 166 2022 armis
193 1964 359 2021 communiti
393 1978 556 2031 capannore
583 1977 638 2016 non
680 1961 805 2016 dubitent
828 1975 939 2016 sentum
966 1962 1110 2016 ludoicum
1136 1958 1312 2015 extollentem
1344 1976 1371 2015 so
1393 1960 1524 2015 ademtae
1549 1964 1702 2020 scientiam
1743 1963 1792 2018 oei

78 2038 117 2111 (tl
144 2038 206 2094 Cor.
235 2036 276 2107 ι).
307 2036 361 2090 ttoc
389 2050 436 2106 epo
459 2037 550 2101 tacere
578 2032 718 2099 insistam,
747 2034 818 2087 sicut
845 2034 895 2098 cis,
924 2034 994 2086 sient
1024 2029 1271 2098 macomariam,
1286 2034 1366 2101 prout
1397 2037 1467 2088 Deua
1490 2030 1609 2098 dederit,
1630 2040 1655 2088 ct
1696 2036 1791 2090 anime

77 2113 110 2165 in
137 2110 205 2165 otiis
229 2117 359 2174 occupato
386 2105 512 2175 possibile
534 2107 630 2177 suerit,
655 2113 681 2159 et
702 2103 774 2159 sicut
804 2119 881 2158 amnt
909 2103 1028 2169 ratione,
1053 2104 1145 2174 quood
1164 2105 1273 2171 potero,
1309 2101 1425 2170 fideliter
1444 2119 1555 2159 amnare
1588 2103 1790 2172 Ciristianum,

77 2183 119 2237 ilo
157 2178 235 2237 omni
263 2177 479 2235 contradictione
509 2174 661 2246 ditipenter
693 2174 795 2230 curabo
824 2174 973 2231 subornare
1005 2176 1143 2232 induam.
1185 2170 1324 2230 aestivum
1356 2176 1388 2245 til
1428 2176 1523 2244 pueris
1559 2174 1690 2243 fidelibus
1739 2177 1793 2232 boc

76 2251 291 2322 spectaculum
306 2266 372 2305 nane
395 2263 449 2328 non
469 2262 575 2303 ammae
589 2255 629 2303 eut
648 2246 845 2315 formamini,
858 2250 991 2304 srceoacat
1005 2255 1056 2303 aut
1069 2245 1232 2302 detectabile
1261 2249 1403 2311 interesse,
1426 2250 1475 2300 aut
1494 2244 1621 2301 animum
1651 2246 1792 2305 irttrndere

76 2325 114 2381 ad
139 2320 298 2391 itiusmodi
318 2319 475 2392 montetum
490 2319 608 2391 3puippe
627 2332 744 2390 quorum
772 2316 802 2372 in
830 2316 967 2373 trientibus
983 2318 1049 2375 bene
1070 2319 1223 2389 tundalum
1243 2328 1285 2376 est
1310 2332 1392 2388 super
1411 2325 1519 2388 petram
1542 2325 1570 2372 et
1587 2318 1709 2388 firmiter
1735 2326 1790 2376 slot

79 2396 248 2453 curatione
260 2393 326 2464 ,idei
333 2392 558 2464 suntlammtam.

520 2702 597 2759 ”²
655 2718 907 2842 LIBER
949 2717 1296 2841 PRIMUS.

112 2946 317 3003 Caesarianos.
334 2944 402 3016 Ego,
418 2941 583 3015 baptizatus
599 2941 627 2996 iu
640 2941 755 2996 nomine
765 2939 861 2996 Patris
875 2942 905 2995 ct
919 2941 946 3009 Α
962 2946 1020 2995 tam
1045 2941 1222 3006 vernaculus,
1247 2957 1330 3013 quam
1353 2946 1497 3015 emptitius
1524 2949 1744 3014 circumcidetur,
1762 2954 1789 3007 et

82 3036 149 3093 Filii
165 3042 195 3092 ct
208 3033 334 3107 Spiritus
350 3030 607 3102 sanctimonium
623 3029 731 3101 peccati
745 3027 909 3101 originalia,
962 3028 1119 3101 quicunque
1132 3045 1187 3087 non
1200 3031 1332 3100 tumide
1345 3034 1432 3104 stirpe
1446 3043 1548 3105 uestra,
1563 3038 1790 3110 eritqaepaetum

80 3130 197 3182 matum
215 3119 421 3179 inobedientia
437 3118 521 3191 pritni
544 3116 673 3173 hominis
689 3118 717 3172 in
739 3116 909 3188 metuatipso
962 3135 1054 3177 meum
1064 3122 1094 3176 in
1107 3138 1194 3178 carne
1207 3132 1297 3179 centra
1310 3125 1341 3179 in
1359 3124 1450 3196 sadus
1479 3130 1626 3183 murnum.
1643 3129 1788 3203 ttatculut,

80 3212 153 3268 stilai
167 3231 175 3281 3
188 3207 516 3281 etcontracibumtigni
530 3205 788 3278 vetiti,quodidam
798 3203 909 3276 primus

963 3211 1043 3283 eujus
1056 3213 1190 3283 porteputii
1204 3228 1267 3268 earo
1280 3214 1446 3270 circurrtcisa
1467 3231 1523 3272 non
1537 3218 1633 3287 suerit,
1651 3220 1791 3277 delebitur

83 3303 173 3358 homo
184 3300 432 3371 comedit,corpus
446 3295 654 3369 etsanguinem
666 3293 773 3350 Christi
784 3296 820 3351 de
829 3294 908 3366 ligno
961 3300 1061 3357 anima
1071 3299 1125 3356 itta
1135 3300 1168 3357 ee
1178 3303 1353 3373 ρορμιοωος
1369 3306 1439 3376 quia
1447 3313 1560 3373 pactum
1569 3324 1660 3364 ,mm
1674 3310 1789 3367 ‘mmm

84 3392 196 3455 crucis,
210 3391 265 3446 beo
281 3389 379 3456 dante,
396 3387 519 3459 suscepi,
536 3385 747 3456 comedensque
761 3400 794 3440 aa
806 3384 909 3440 bibens
961 3374 1028 3443 [ecit
1043 3371 1122 3440 ΨΜ.
1138 3374 1222 3445 ¹⁹11)-

82 3482 213 3554 gratiam
228 3483 258 3536 ct
272 3477 396 3551 gloriam
412 3491 577 3548 consequor
602 3471 771 3546 adoptionis
782 3471 908 3528 tiliorum

82 3568 147 3627 Dei.

121 3659 242 3716 luemus
269 3657 341 3730 Ego,
357 3654 550 3713 circumcisae
580 3649 804 3709 circumcisions
819 3664 908 3722 quam

81 3751 161 3807 Deus
178 3746 333 3809 thersham,
350 3746 426 3801 Deos
440 3743 533 3807 Isaua,
544 3740 720 3798 Dauniacob
735 3737 909 3795 auctoritate

81 3857 138 3897 ena
152 3836 285 3905 tradidit,
302 3834 516 3908 primogenitus
532 3847 599 3887 sum
611 3830 702 3898 iltius,
714 3828 907 3901 quemadmo-

79 3931 153 3985 dum
168 3928 243 3983 Deus
254 3925 317 3997 ipae
328 3925 364 3981 nd
377 3922 556 3978 Pharaonem
565 3918 636 3976 dicit
648 3918 752 3976 :Filius
763 3933 838 3973 meus
846 3920 911 3989 pri·

80 4017 239 4088 titopenitus
255 4014 355 4078 irruet,
368 4012 430 4067 ties·
446 4010 521 4066 tibi:
556 4006 671 4065 Dimitte
698 4007 790 4079 illum
819 4022 911 4062 mcum

79 4112 111 4163 ut
135 4106 244 4162 seroim
279 4102 370 4158 miti:
395 4103 421 4161 et
448 4098 564 4155 uolutat
591 4096 730 4153 lisoittere
756 4112 829 4153 eum.
846 4098 912 4153 Ecce

82 4213 136 4270 eoo
153 4193 322 4264 interficiam
335 4189 428 4263 fitium
438 4196 517 4244 tuum
529 4188 748 4260 primopenitum
762 4184 912 4256 (usmis).

999 3466 1108 3517 Crater.
1131 3460 1330 3520 'traditionem
1359 3464 1446 3521 iatam
1465 3467 1644 3538 jamdudum
1675 3471 1730 3543 legi
1758 3478 1789 3530 et

964 3549 1330 3622 relegi,veneratussomal
1341 3570 1493 3625 uunquam
1504 3555 1637 3615 desinam
1654 3562 1786 3618 venerari

964 3637 1034 3708 quia
1050 3637 1107 3693 tuit
1122 3638 1239 3694 traditio
1255 3640 1588 3716 Deiltebemusautem,
1608 3662 1660 3718 age
1677 3650 1786 3720 pariter

965 3733 993 3781 et
1007 3727 1238 3794 tu,ccnsiderarc
1253 3728 1445 3787 intentionem
1461 3733 1523 3802 ejus
1537 3733 1588 3805 qui
1602 3735 1722 3794 tradidit
1738 3755 1784 3796 se·

967 3816 1098 3872 cundum
1114 3818 1225 3874 dietum
1239 3818 1376 3890 troc‚quia
1390 3822 1603 3880 eumdixisset:
1618 3825 1651 3881 Et
1664 3826 1785 3884 circum·

965 3907 1062 3964 tidelis
1077 3923 1189 3963 carnem
1202 3908 1335 3980 praeputii
1344 3913 1448 3967 vestri:
1463 3912 1615 3984 subjunxit
1630 3923 1715 3987 utque
1725 3918 1784 3974 ait:

969 3998 1001 4056 tlt
1015 3997 1125 4069 siparum
1139 3999 1250 4071 tenderis
1265 4000 1338 4057 inter
1353 4017 1396 4057 me
1408 4009 1437 4057 et
1455 4018 1510 4059 oon.
1527 4003 1660 4061 Primum
1681 4005 1736 4063 hoc
1752 4024 1788 4063 ex

969 4094 998 4143 te
1013 4104 1112 4160 quate
1127 4089 1197 4160 quid
1211 4089 1251 4145 sit
1272 4089 1366 4146 sadus
1380 4096 1409 4147 ct
1437 4092 1507 4163 quid
1537 4093 1655 4164 signum
1673 4096 1789 4152 traderis

969 4184 1167 4251 nusscuputur.
1185 4179 1234 4235 Die
1249 4181 1398 4252 ergoqnid
1414 4184 1453 4238 eit
1468 4182 1586 4240 laidus?

119 4285 238 4340 Gnatae.
265 4282 392 4338 Causam
409 4276 468 4334 sive
499 4275 653 4333 utilitatem
669 4291 722 4348 ego
746 4274 813 4331 novi
830 4277 859 4330 el
874 4273 954 4370 di·B
1005 4269 1073 4326 ino.
1090 4268 1192 4326 toedus
1205 4269 1340 4325 amicitia
1355 4271 1528 4343 compositio
1549 4278 1604 4340 cat,
1621 4274 1788 4332 animorum

82 4380 186 4431 ctutua
202 4386 268 4427 sum
286 4368 471 4440 tibi,proplar
484 4362 725 4437 quambaptizuri
741 4362 905 4430 debuerim,
967 4359 1093 4415 invicem
1110 4358 1294 4431 diligentium
1311 4360 1478 4429 conjunctio
1493 4366 1548 4418 est.

81 4463 127 4520 uel
138 4456 477 4528 neeessariobupliualus
488 4453 543 4510 eim
554 4471 561 4521 ;
575 4461 604 4509 tn
616 4451 697 4525 prior
706 4467 837 4520 cansam,
846 4450 908 4506 aive

83 4550 243 4607 utilitatem
258 4546 315 4616 dia,
332 4543 460 4608 sinesii,
477 4546 697 4615 propterquam
714 4538 909 4595 circumcisus

82 4646 137 4702 sis.
155 4646 213 4714 ligo
229 4654 355 4712 namque
384 4642 504 4709 paratus
532 4651 599 4691 sum
629 4635 832 4715 demonstrare
855 4630 909 4686 tibi

82 4730 281 4806 qnodautnue
296 4725 530 4784 circumcisionis
558 4723 614 4779 hoc
642 4729 772 4793 tempora
795 4718 910 4776 attinere

84 4843 143 4883 non
157 4828 254 4899 potest
270 4829 301 4879 ut
320 4820 400 4877 titius
413 4820 466 4876 ais.
478 4817 577 4875 Recita
601 4832 680 4873 nunc
702 4816 797 4885 ipsam
821 4812 911 4868 tradi-

82 4916 197 4972 tionem
215 4914 275 4980 Dei,
290 4910 476 4968 traditionem
492 4904 739 4964 circumcisionis.

120 5005 192 5061 Juu.
208 5002 251 5059 Ad
278 4998 424 5057 Abraham
456 4998 566 5066 patrem
592 5008 689 5050 meum
713 4992 791 5048 Deus
820 4990 911 5047 dixti:

84 5096 122 5151 Et
134 5097 165 5149 tu
178 5107 245 5162 erpo
260 5086 396 5145 etutodies
421 5095 535 5158 pactum
560 5098 651 5139 meum
680 5085 813 5138 etsemen
834 5088 912 5136 tuum

81 5186 146 5256 paul
164 5188 191 5238 te
205 5181 236 5236 in
250 5174 477 5248 concretionibus
505 5172 573 5228 suis.
590 5172 643 5227 ttoc
657 5178 696 5226 ert
709 5173 821 5242 pactum
835 5168 912 5242 quod

84 5267 269 5332 observabitis
284 5269 359 5322 inter
374 5279 417 5320 mc
431 5266 458 5319 et
485 5277 540 5329 aot,
555 5266 583 5317 et
601 5275 697 5316 semen
711 5268 790 5315 tuum
803 5263 911 5330 postte.

87 5358 312 5419 circumcidetur
325 5357 355 5412 ln
370 5354 446 5411 nobie
455 5366 535 5408 omne
549 5349 736 5407 masculinum
755 5356 780 5406 ct
794 5348 915 5405 circum-

86 5452 188 5511 cidetis
197 5462 310 5506 coenem
322 5440 455 5518 praeputii
474 5442 569 5506 uestri,
585 5447 616 5495 at
629 5438 666 5494 sit
680 5439 790 5509 stonum
804 5437 916 5507 tudens

88 5548 166 5601 inter
179 5555 224 5596 me
236 5542 262 5594 et
276 5551 341 5594 aot:
358 5533 454 5603 intans
480 5537 539 5587 acto
566 5529 676 5585 dierum
702 5524 915 5582 circumcidetur

13 5668 14 5691 i
90 5640 120 5689 in
137 5631 233 5697 ersbis3
250 5639 329 5683 omne
342 5619 567 5679 masculinumin
580 5614 804 5689 perorationibus
818 5615 912 5670 uestris

1000 4447 1213 4504 caesaraeae
1231 4447 1543 4519 respondistiCraator
1556 4456 1697 4508 ereatura
1711 4455 1787 4511 Deus

936 4562 942 4581 ι
966 4538 1123 4593 feneratus
1138 4539 1194 4601 est,
1206 4542 1283 4591 Deus
1293 4536 1403 4592 homini
1418 4537 1542 4594 nerana
1558 4555 1611 4610 per
1625 4543 1786 4600 amicitiem

966 4626 1143 4698 conjunctus
1164 4630 1218 4691 est,
1234 4629 1264 4680 et
1295 4624 1374 4682 iltius
1399 4631 1505 4683 mutue
1531 4629 1786 4689 cenioedsrationia

967 4714 1085 4785 signum
1095 4712 1185 4769 voluit
1195 4730 1259 4769 ease
1274 4713 1526 4772 circumcisionem
1542 4718 1704 4776 carnis.Dic
1719 4738 1785 4791 arpo

967 4804 1048 4874 quid,
1065 4801 1107 4858 vol
1124 4803 1210 4873 quate
1226 4801 1319 4858 taedas
1335 4802 1405 4859 illud
1423 4805 1607 4876 inerit,cujos
1621 4807 1651 4862 in
1667 4807 1784 4879 signum

969 4889 1786 4952 Deusioedaratushominiamicocircumcieionemdedit.

968 4981 1016 5037 ste
1031 4980 1109 5036 cuim
1120 4979 1312 5052 scriptumest
1324 4997 1335 5032 .·
1351 4980 1396 5035 Sic
1414 4980 1492 5036 Deus
1509 4980 1791 5050 ditexitmtciroum·

969 5070 1041 5128 cisio
1053 5071 1092 5127 sit
1106 5071 1225 5144 tignum
1243 5070 1369 5126 indetis.

1003 5163 1074 5222 tuo.
1088 5165 1130 5229 Ou
1145 5164 1235 5228 d,nisi
1247 5163 1316 5233 quia
1331 5167 1416 5218 Pater
1428 5168 1529 5219 noster
1544 5163 1619 5218 idem
1630 5164 1792 5231 Abrabam,

969 5257 1133 5319 virbonus,
1152 5255 1238 5309 hostio
1263 5257 1385 5308 sanetus
1411 5252 1466 5307 tuit
1491 5257 1519 5308 et
1543 5260 1643 5308 ennete
1670 5254 1794 5309 vivendo

973 5351 1030 5401 Deo
1048 5344 1171 5418 placuit.

1007 5427 1793 5497 CantanNolomibidetuocortlerespondsaa3aadhoc

972 5524 1045 5580 mibi
1063 5522 1216 5593 responde,
1228 5521 1304 5594 qnod
1315 5537 1350 5575 cx
1359 5521 1422 5590 ipsa
1431 5520 1637 5587 depromptum
1647 5518 1685 5573 ait
1694 5520 1791 5594 Scrip-

970 5609 1250 5669 curescet-anema
1262 5609 1379 5679 quidam
1389 5606 1520 5678 estquod
1533 5606 1678 5664 Abrsham
1691 5610 1788 5667 vicho·
