3950 6034
169 261 248 329 tutu
682 262 890 342 MUNIONIS,
912 258 1083 330 sueonie
1104 262 1155 325 ΕΤ
1176 262 1353 327 uestem
1794 255 1892 322 10⁴8

171 397 309 472 episcopo
338 398 528 454 lascurrensi
557 396 765 455 insistentibus
792 405 824 455 ut
851 395 993 471 quidnam
1008 395 1035 466 Α
1048 410 1163 454 renuent
1180 395 1350 470 episcopum
1367 398 1458 468 etpar
1472 389 1891 465 aliusuuutios,tragonensi

172 486 265 545 animi
280 487 417 544 domiuus
431 503 507 559 papa
521 486 599 544 circa
613 486 763 562 petitionis
776 494 880 544 nostre
901 486 996 544 luten·
1050 494 1172 557 tyranno
1185 485 1360 558 imperasset
1374 484 1512 558 predicto
1538 483 1570 541 S.
1598 480 1613 538 J
1619 482 1702 540 acubt
1722 482 1892 554 episeopo.

174 576 282 635 tionem
299 573 430 643 heberet,
443 575 530 633 nubis
558 576 735 646 enuclearet,
763 576 801 634 ab
829 593 863 635 eo
876 578 995 634 tandem
1048 569 1893 650 perregnumsuumtraneenuditiceutrsrndare,uauigiu

173 667 341 724 audivimus
352 684 359 723 ε
372 689 387 717 u
398 666 531 724 Romane
540 666 677 734 Ecclesia,
694 666 746 723 tilii
765 666 795 724 iu
805 668 920 725 Christo
930 665 998 723 uba·
1048 664 1078 722 in
1089 664 1213 722 Galliam
1225 664 1368 737 prutlctsci
1379 665 1474 721 visum
1485 666 1531 720 est
1542 663 1600 721 sibi
1610 678 1785 736 congruum.
1796 667 1893 718 Duas

174 753 298 826 tissimi,
311 754 411 815 multis
431 754 672 812 distractionibus
691 755 823 829 fatigate,
838 755 998 828 multisque
1049 754 1145 827 itaque
1161 770 1259 823 naves,
1275 770 1350 826 ques
1369 752 1476 825 vulgus
1500 750 1603 826 galeas
1630 757 1725 818 uocet,
1739 753 1792 807 vis
1809 750 1896 808 tecit

175 841 479 901 adversitutibusolim
495 859 638 900 concussu
652 847 707 900 est.
721 844 775 901 cui
795 847 913 901 auctore
940 847 997 899 Deo
1049 843 1218 918 preparari.
1233 848 1438 917 Preparautur
1450 857 1548 908 nares,
1564 857 1763 914 preparemur
1777 846 1808 897 et
1823 855 1894 897 nos

174 930 204 987 in
220 931 352 988 edversis
368 947 424 1000 me,
451 929 519 988 licet
543 930 715 1005 iudignum,
744 948 866 1004 preesse
890 936 919 988 et
932 930 998 1003 ejus
1049 933 1086 990 ad
1101 933 1309 1004 capessendam
1324 931 1540 989 clamiceium
1552 937 1650 988 autem
1663 932 1814 1001 negotium
1826 931 1893 987 ln-

173 1018 414 1093 uppressiuuibus
432 1019 589 1077 subvenire
615 1020 827 1094 propemodum
856 1018 997 1092 tripudio.
1051 1021 1183 1080 consulte
1194 1021 1368 1094 reginatleri
1385 1019 1890 1093 condecebattttuenturergead

174 1108 445 1167 tteminsriteutsm
463 1108 620 1182 prudentia
642 1113 740 1166 uestra
770 1107 941 1183 episcopum
965 1107 997 1165 S·
1050 1129 1113 1172 sem
1130 1112 1188 1170 duo
1198 1111 1332 1170 canonici
1347 1112 1452 1177 nostri,
1467 1110 1581 1167 scilicet
1595 1111 1627 1167 P.
1637 1109 1891 1168 Gundesindides

172 1195 285 1266 lucebi,
301 1197 454 1255 dominum
466 1203 607 1267 vestrum,
623 1213 658 1255 ex
677 1202 760 1271 parte
779 1203 879 1255 nostra
895 1210 999 1270 rogare
1050 1197 1220 1270 cardinslis,
1236 1206 1266 1258 et
1279 1204 1310 1258 P.
1326 1199 1430 1266 tuder,
1446 1199 1497 1272 qui
1513 1197 1752 1269 iterepiscoptad
1769 1213 1890 1270 papam
1970 1229 1971 1258 ι

160 1285 204 1342 'et
218 1286 376 1342 admonere
391 1291 424 1343 ut
438 1285 629 1343 lacultstibua
650 1285 712 1343 suis
733 1285 839 1356 quibus
858 1284 916 1342 Deo
930 1300 999 1357 gre·
1051 1289 1077 1347 ei
1092 1289 1265 1358 dicerent,et
1278 1289 1388 1361 quibus
1404 1288 1545 1346 bonorem
1561 1287 1698 1346 Ecclesia
1717 1287 1750 1344 Β.
1771 1286 1890 1345 lucebi

174 1372 233 1432 tias
248 1379 277 1431 et
290 1378 321 1430 B.
336 1373 446 1432 Jacobu
461 1375 532 1431 satie
548 1375 690 1448 ubuudat,
709 1379 872 1433 Rumonem
899 1372 997 1431 locle-
1051 1375 1887 1451 etujuscastellaepiscopuscommendeteidemeunsi·
1970 1379 1971 1388 ²

177 1465 253 1522 siam
269 1466 404 1537 adjuvare
419 1470 562 1538 procuret.
574 1464 723 1538 Rogamus
738 1472 767 1522 st
781 1482 849 1524 sum
865 1469 899 1523 ut
914 1479 1001 1539 nepo·
1052 1467 1124 1524 lium
1141 1481 1229 1525 suum
1245 1465 1475 1524 communicent.
1490 1465 1613 1530 Quidem
1630 1464 1764 1524 canonici
1782 1466 1886 1522 nostri

175 1556 237 1610 tem
249 1559 382 1610 nostrum
395 1568 491 1626 regem
501 1553 693 1622 Uortumnus,
704 1554 780 1611 sieut
795 1554 831 1611 ab
843 1555 908 1628 ejus
923 1552 1002 1610 rudi·
1052 1572 1090 1613 ue
1103 1555 1259 1630 spiscopus
1273 1555 1329 1613 buu
1345 1554 1400 1613 iter
1426 1555 1633 1629 aggrederetur
1652 1554 1889 1612 dissuadebant.

178 1642 286 1699 meniis
296 1641 427 1715 incoepit,
442 1640 565 1700 viriliter
580 1645 851 1715 etque-coustanter
870 1644 1000 1715 adjuvet,
1052 1646 1160 1721 Regina
1171 1662 1288 1720 quoque
1294 1651 1449 1720 postquam
1462 1644 1697 1703 itinerisaudirit
1706 1651 1886 1718 apparatus,

177 1734 338 1805 streguum
348 1729 803 1804 Gelleciar,quuderussuusrex
820 1731 999 1788 Aldelonrus
1053 1734 1243 1796 considerans
1258 1739 1347 1794 totam
1368 1736 1427 1793 tere
1448 1733 1612 1792 Gallaeuism
1639 1750 1691 1807 per
1709 1736 1884 1792 absentium

177 1818 253 1894 epod
268 1820 475 1893 bunnensem
490 1820 649 1891 civitatem,
664 1837 711 1879 me
724 1827 754 1879 et
767 1820 888 1878 domino
903 1824 1000 1876 vestro
1053 1825 1181 1899 episcopi
1194 1824 1225 1883 S.
1238 1824 1339 1883 teuoui
1354 1824 1491 1894 desolari,
1521 1830 1552 1882 et
1578 1825 1699 1882 absente
1724 1825 1775 1881 tati
1797 1824 1885 1898 pacis

177 1913 330 1984 presente,
345 1910 371 1966 ei
387 1909 529 1978 attribuit.
542 1909 640 1967 sultim
655 1909 792 1984 deinceps
812 1911 838 1968 ei
861 1910 1000 1966 vindicet.
1053 1918 1149 1971 tutore
1161 1916 1381 1986 etquepatruuo
1401 1911 1566 1970 Gettecism
1589 1911 1761 1969 truculente
1785 1909 1887 1969 rabiei

177 1999 259 2066 ouon
274 2001 299 2057 si
314 1999 407 2057 libere
421 2000 514 2058 irunte
530 2017 597 2057 uum
614 2000 769 2073 edluuerit,
785 2005 814 2057 et
841 2016 894 2058 uus
908 1999 1002 2056 libera
1054 2000 1888 2075 morsibusdilaniari‚prrcdiotumepiscopumpredictum

177 2090 272 2148 trunto
287 2090 479 2164 petitionibus
493 2092 557 2164 ejus
587 2092 868 2149 condescendemus.
886 2091 953 2160 Sed,
969 2094 1003 2147 ut
1040 2090 1234 2166 ‚iteraggredi
1250 2092 1366 2164 penitus
1377 2090 1518 2148 dissuasit
1526 2103 1614 2163 atque
1630 2089 1793 2164 probibuit.
1809 2091 1887 2159 Qui·

65 2249 70 2256 ,
177 2178 398 2237 uubisrelatnm
414 2184 630 2251 eet‚queutum
645 2172 743 2253 potest
761 2177 1000 2238 adversaturitli.
1054 2182 1222 2237 demetiam
1239 2178 1450 2237 instillaverunt
1479 2180 1585 2252 regine
1611 2179 1690 2252 quud
1721 2181 1888 2253 pradictus

178 2268 297 2336 Quodsi
312 2269 352 2325 ita
364 2272 419 2339 est,
434 2273 462 2325 et
476 2269 562 2326 nubis
576 2273 605 2326 et
628 2268 732 2326 amicis
756 2269 865 2325 nostris
888 2267 918 2325 iu
933 2284 1002 2325 eum
1053 2267 1207 2342 spiscopus
1220 2267 1379 2325 calliarum
1398 2274 1497 2339 partes
1508 2267 1618 2326 idcirco
1647 2267 1729 2326 edire
1755 2268 1888 2341 volebat,

178 2357 279 2414 odium
295 2363 462 2431 generatur.
479 2357 554 2413 Olim
570 2358 716 2432 siquidem
734 2357 891 2415 Ecclesiam
907 2358 939 2413 B.
954 2357 1003 2415 Ja·
1054 2361 1200 2431 quatenus
1214 2357 1364 2430 Hispanis
1374 2373 1497 2430 regnum
1509 2357 1614 2429 regist.
1630 2357 1689 2414 sstiu
1704 2359 1814 2430 reginus
1829 2358 1885 2415 ad·

179 2444 245 2502 cobi
260 2447 470 2519 etpredictum
481 2447 544 2518 ejus
558 2449 728 2521 episcopum
743 2446 1006 2521 paternodilectiu·
1056 2446 1154 2504 duutis
1169 2462 1267 2503 secum
1284 2446 1417 2518 quedem
1433 2446 1738 2519 regisooutribulibus
1754 2445 1883 2504 liberum

180 2531 227 2591 ute
237 2534 343 2591 affectu
353 2534 536 2608 amplexatus
547 2535 721 2609 sumlgitur
730 2535 1005 2609 utprietinusemor
1055 2536 1187 2593 conterre
1199 2535 1351 2593 moliretur
1363 2555 1371 2606 ς
1388 2535 1466 2608 quud
1478 2535 1578 2608 regina
1596 2537 1809 2609 propemodum
1821 2551 1886 2594 me·

178 2622 319 2680 internus
348 2625 477 2699 amptius
504 2626 582 2682 vires
606 2624 877 2698 habeat‚praedictu
902 2625 1004 2700 nepoti
1056 2624 1668 2698 tuebatllaecdissuasiuatqueprobibitio
1689 2624 1827 2697 episcopo
1856 2633 1887 2681 st

179 2720 289 2782 nostru,
306 2714 408 2786 utpote
422 2717 505 2788 pater
531 2717 562 2770 et
584 2719 717 2788 protutor
728 2716 804 2786 elus,
819 2712 1004 2772 auxiliivires
1056 2712 1258 2787 cumpluribus
1273 2711 1408 2771 Ecclesirs
1423 2721 1530 2771 uostrre
1545 2715 1695 2772 canonicis
1717 2713 1801 2772 vulda
1816 2729 1885 2772 mu·

177 2801 1004 2875 prebeatietitiunieutemejue‚euilicetutsrcbiepiscu·
1056 2800 1132 2860 leste
1157 2803 1222 2859 luit.
1253 2802 1393 2860 Praeterea
1420 2818 1457 2858 xx
1481 2819 1568 2861 neves
1592 2802 1801 2860 Ssrscenurum
1817 2819 1885 2875 que

177 2896 279 2963 petum
292 2889 626 2948 Bracsrensisliculeste
636 2890 668 2947 Β.
680 2892 787 2948 tacebo
806 2891 1004 2963 conteramus,
1056 2892 1234 2966 captivatum
1244 2892 1459 2949 ettrucidatum
1467 2891 1650 2950 Christianus
1660 2897 1886 2959 reuerent,tunu

176 2977 447 3051 impresentiarum
460 2978 630 3037 nallatenus
644 2980 876 3037 condescendere
898 2996 1004 3053 poesu·
1057 2979 1197 3051 temporis
1211 2980 1366 3054 prouinciae
1380 2979 1412 3038 B.
1425 2980 1528 3038 iacobi
1553 2981 1780 3055 applicaverant.
1795 2981 1854 3046 Oui
1868 2998 1888 3038 a

179 3084 266 3140 maes
282 3071 403 3128 absente
416 3070 494 3128 sulm
511 3071 576 3141 ejus
591 3086 727 3145 persona,
743 3070 915 3127 absentibus
925 3086 1004 3126 cum·
1060 3068 1182 3126 flumine
1194 3069 1279 3126 ttoriu
1291 3086 1383 3141 usque
1393 3071 1428 3127 ad
1441 3067 1548 3140 Uliam,
1566 3077 1594 3128 et
1615 3071 1652 3128 ab
1663 3070 1728 3129 Ulia
1738 3087 1832 3144 usque
1847 3070 1888 3128 ad

180 3158 410 3229 provincialibus
420 3158 663 3232 episcopis,tants
678 3175 724 3216 res
734 3175 918 3233 nequsqusm
941 3158 1004 3215 tleri
1019 3122 1042 3192 c
1059 3161 1237 3233 asturias,et
1249 3159 1326 3217 ultra
1337 3176 1547 3234 usquequaque
1557 3160 1662 3218 Ocesui
1673 3163 1763 3219 maris
1782 3160 1889 3218 littura

182 3250 288 3317 potest.
304 3245 448 3304 Ceterum
462 3247 487 3303 si
502 3247 647 3305 'tolosano
662 3246 786 3304 concilio
811 3246 1004 3320 interfuisset,
1061 3246 1283 3321 depopulantes,
1299 3247 1480 3306 Christianus
1495 3250 1549 3306 hos
1572 3249 1795 3318 interficiebant,
1810 3248 1890 3307 etius

183 3332 325 3407 buicejus
339 3335 473 3407 petitioni
486 3336 745 3393 satisfecissemus.
757 3335 857 3409 ltaque
871 3336 1003 3394 sibccte·
1061 3336 1257 3409 ceptirubuut,
1273 3336 1364 3394 muris
1377 3336 1505 3394 continia
1525 3339 1766 3413 circumquaque,
1783 3343 1891 3409 utpote

182 3421 256 3479 sium
273 3427 304 3480 B.
319 3423 420 3480 iacobi
436 3424 589 3482 sublimari
606 3423 1002 3495 desiderat,sdmoneteeum
1061 3424 1415 3500 duminImsris‚prusuis
1427 3425 1890 3501 habebant,Tandemepiscopus

185 3518 219 3569 ut
234 3512 271 3569 sd
286 3529 339 3571 uos
354 3513 450 3571 uenire
463 3515 598 3586 lestiuet3
615 3514 746 3587 proinde,
763 3518 798 3572 ut
824 3515 1003 3573 desiderium
1061 3521 1172 3585 noster,
1186 3515 1320 3572 dissuasu
1337 3516 1444 3589 regine
1458 3523 1487 3572 st
1502 3518 1696 3590 quorumdem
1714 3523 1888 3574 nostrorum

180 3601 250 3673 'sius
265 3600 421 3675 perfectius
435 3602 627 3676 compleatur,
643 3602 778 3675 conuitio,
794 3604 871 3676 quod
900 3603 930 3661 in
950 3605 1006 3661 tes·
1060 3604 1532 3672 canonicorum,metuenduetiam
1549 3607 1624 3663 usin
1637 3622 1741 3664 menna
1753 3604 1891 3663 lemaeli·

184 3689 296 3749 tivitste
308 3695 340 3747 B.
357 3691 441 3749 Luca
456 3690 639 3766 evangeliste
652 3691 750 3750 Remis
765 3691 912 3750 celebrare
930 3691 1005 3752 deli·
1061 3700 1158 3751 tarum
1174 3694 1325 3759 incideret,
1340 3695 1378 3751 ab
1393 3696 1497 3753 itinere
1523 3697 1600 3769 quud
1630 3713 1662 3754 ee
1690 3697 1837 3753 tecturam
1853 3694 1887 3752 in

182 3780 360 3851 berevimus,
376 3780 519 3839 iuteresse
533 3787 669 3839 maturet.
684 3802 699 3833 e
1060 3783 1186 3843 (initium
1202 3782 1467 3856 praedestinaverat.
1483 3787 1586 3857 pedem
1601 3785 1730 3845 retrusit.

183 3869 186 3876 ’
217 3870 284 3928 ileu
299 3869 459 3943 atquealia
477 3875 631 3943 postquam
660 3886 736 3945 prpe
759 3868 888 3927 cellulas
916 3869 1004 3928 nobis
1095 3872 1354 3932 Verumeuimvero
1367 3874 1549 3932 coertionem
1560 3875 1662 3934 Gattnti
1677 3891 1758 3949 pape
1774 3875 1812 3933 ed
1827 3875 1888 3932 tie·

181 3962 304 4034 speruit,
321 3977 357 4017 ue
370 3975 405 4017 eo
419 3960 578 4018 insalutato
594 3965 813 4031 reverteremur,
828 3962 933 4034 viginti
948 3978 1003 4019 uu·
1062 3962 1466 4036 mensecouuilium,eteJus
1495 3965 1641 4038 promissa
1670 3981 1819 4038 spernere,
1833 3969 1889 4022 sut

183 4050 244 4107 cies
258 4050 322 4106 auri
338 4049 363 4106 et
382 4050 579 4117 attribuimus,
595 4065 694 4106 arcem
708 4066 776 4108 veru
797 4067 916 4110 suream
934 4065 1003 4107 cum
1061 4051 1145 4110 irrite
1157 4052 1231 4119 lieri,
1248 4050 1416 4109 nullatenus
1432 4053 1593 4124 oportebat.
1610 4053 1759 4126 Quispisnr
1786 4060 1887 4109 autem

178 4133 532 4213 ‘predictismorsbitinie
541 4145 569 4197 et
580 4139 892 4210 wtem‚ssclunlsuensi
905 4138 1004 4196 ebbatl
1061 4140 1266 4196 canonicorum
1279 4139 1413 4196 Ecclesiae
1424 4139 1666 4213 B.Jacobi‚quem
1678 4141 1889 4214 tumequauti·

182 4230 218 4285 ud
233 4228 440 4286 resumendum
453 4231 808 4288 commendavimusPust
821 4229 882 4286 bec
895 4228 1004 4287 reversi
1061 4225 1315 4301 cunqueuominls
1325 4227 1468 4285 celebrem
1481 4230 1608 4299 iecisset,
1624 4246 1676 4303 per
1687 4230 1786 4287 lauces
1798 4231 1888 4286 biau-

183 4317 656 4392 sumurscueptlsapapacslintu
679 4317 850 4392 hujusmodi
875 4318 1003 4375 titteris:
1061 4319 1147 4389 tium,
1165 4334 1218 4393 per
1241 4318 1372 4374 medium
1403 4317 1545 4390 Hispaniae
1572 4318 1737 4394 Charybdis
1760 4322 1888 4378 transire

488 4403 606 4466 CAPUT
632 4408 697 4465 xit.
1062 4409 1143 4467 nullu
1156 4410 1241 4466 modu
1256 4408 1554 4482 presumebatllurte
1569 4410 1790 4483 tunctsmpurie
1801 4410 1886 4484 tingo

278 4496 406 4555 lucituttb
419 4496 538 4571 epiceopi
551 4497 587 4554 cd
604 4498 754 4554 cruditum
769 4497 908 4555 demessa.
1019 4495 1045 4562 D
1060 4495 1278 4571 Portngelensis
1289 4495 1508 4571 episcopus,qul
1519 4496 1653 4555 Ecclesia
1661 4498 1694 4557 B.
1703 4498 1884 4559 Jsuobiotim

221 4606 236 4640 r
249 4586 379 4644 calixtus
392 4585 560 4660 episcopus,
575 4607 590 4637 e
605 4592 661 4644 etc.
1059 4587 1154 4646 lueret
1164 4583 1630 4659 ambidtscouus,Gumpostetlum
1642 4594 1802 4660 venerat,et
1815 4605 1885 4646 uum

221 4698 236 4728 «
251 4679 326 4733 Ante
340 4680 523 4750 susceptum,
538 4696 555 4727 »
569 4679 625 4733 stc.
642 4674 714 4733 Vide
728 4675 758 4733 ta
777 4675 885 4733 cotue
900 4676 935 4742 ll,
951 4675 1007 4732 Pu·
1059 4676 1196 4750 episcopo
1211 4678 1310 4732 nostro
1325 4673 1457 4731 Ecclesia
1488 4683 1590 4734 nostre
1617 4678 1735 4750 negotia
1764 4678 1885 4736 assidue

185 4765 310 4836 truteutoe
327 4768 349 4821 t.
365 4763 482 4831 eutitii,
495 4765 544 4820 sut
557 4780 635 4821 acm.
652 4765 694 4821 ti.
1059 4763 1269 4822 tractabatlliu
1284 4778 1350 4820 eum
1367 4761 1471 4819 (ielixti
1487 4779 1568 4837 pape
1593 4765 1748 4838 predictas
1771 4766 1886 4824 litteras

246 4859 286 4913 De
301 4863 439 4929 apparatu
453 4857 573 4928 episcopi
588 4854 623 4912 ud
638 4855 769 4913 demensa
780 4854 938 4914 ceretium.
1059 4853 1192 4922 vidisset,
1209 4856 1238 4907 et
1252 4850 1381 4924 episcopi
1397 4850 1490 4907 nostri
1519 4853 1710 4912 intentionem
1740 4854 1887 4914 Remenss

219 4945 692 5019 Postqusmepiucupus,uuacum
706 4945 856 5002 canonicis
873 4943 1006 5002 Ecclesia
1060 4942 1217 4998 conuitium
1233 4939 1360 4997 adeundi
1374 4946 1521 4996 cassatam
1537 4943 1738 5016 comperisset,
1756 4947 1885 5018 quadam

184 5041 217 5093 u.
232 5036 344 5105 iacobi,
356 5036 411 5091 bas
427 5050 507 5107 pape
522 5032 929 5104 Caliutilitterasvidit‚uum
945 5035 1009 5107 qut·
1059 5030 1150 5088 animi
1167 5028 1287 5086 audacia
1303 5031 1459 5099 excitatus,
1474 5039 1501 5087 et
1516 5032 1551 5087 ed
1569 5032 1811 5090 sublimetiunem
1835 5034 1887 5092 ilc·

183 5126 307 5184 bnsdom
324 5124 532 5182 canonicorum
547 5140 669 5181 seorsim
683 5124 719 5181 ad
735 5141 803 5181 eum
818 5125 860 5180 irs
877 5123 1006 5181 destina·
1060 5117 1157 5176 elesius
1171 5119 1203 5175 B.
1217 5115 1319 5174 lucebi
1332 5117 1486 5182 substans.
1505 5135 1557 5191 per
1572 5121 1683 5178 medias
1694 5123 1805 5181 classes
1819 5141 1889 5198 pre·

183 5217 236 5284 uit,
252 5216 393 5273 nimirum
409 5214 445 5270 ad
461 5213 699 5271 sublimationem
717 5212 849 5271 Ecclesia
865 5228 926 5268 snae
940 5226 1007 5284 pru·
1061 5209 1171 5265 donum
1187 5208 1223 5265 ad
1240 5224 1344 5281 pipern
1361 5223 1392 5263 se
1416 5205 1527 5264 iturum
1555 5212 1681 5281 spondet
1708 5212 1884 5287 intrepidus.

185 5305 306 5376 pensius
321 5302 488 5359 anbelrbut.
504 5303 558 5358 Sed
575 5303 715 5376 quoniam
732 5319 784 5374 per
802 5301 913 5358 medias
929 5299 1008 5358 acies
1061 5299 1145 5357 Prius
1159 5305 1255 5355 taruen
1271 5295 1411 5369 quonism
1428 5298 1613 5355 bracarensis
1629 5299 1765 5358 Ecclesiae
1788 5304 1886 5359 archi·

185 5391 332 5465 stirpante
348 5391 529 5462 predonum,
546 5408 597 5465 per
616 5391 776 5465 municipia
803 5396 1007 5464 tyrannorum,
1060 5389 1258 5463 episcopatus,
1273 5389 1392 5442 absente
1421 5401 1546 5458 persona
1574 5388 1701 5463 episcopi
1724 5395 1818 5449 nostri
1833 5391 1886 5465 qui

188 5493 240 5553 per
253 5479 451 5551 Araguneusts
465 5479 543 5554 regis
556 5493 678 5551 regnum
693 5476 816 5536 transire
831 5493 889 5534 nun
904 5480 967 5534 erat
980 5477 1008 5536 el
1061 5475 1362 5554 petebat.absentibas
1372 5475 1668 5551 comprovincialibus
1677 5478 1885 5557 episcopisqui

187 5571 569 5644 opportunumquanmn
584 5570 723 5631 dominus
733 5586 810 5646 pape
818 5585 872 5647 per
886 5569 1010 5630 Lucur-
1061 5567 1263 5642 concederent,
1279 5561 1446 5629 nussutenus
1459 5566 1573 5642 ruquirt
1592 5573 1723 5647 poturat3
1736 5574 1883 5647 qautenus
