<?xml version="1.0" encoding="UTF-8"?>
<!DOCTYPE html PUBLIC "-//W3C//DTD XHTML 1.0 Transitional//EN"
    "http://www.w3.org/TR/xhtml1/DTD/xhtml1-transitional.dtd">
<html xmlns="http://www.w3.org/1999/xhtml" xml:lang="en" lang="en">
 <head>
  <title>
</title>
<meta http-equiv="Content-Type" content="text/html;charset=utf-8" />
  <meta name='ocr-system' content='tesseract 3.04.00' />
  <meta name='ocr-capabilities' content='ocr_page ocr_carea ocr_par ocr_line ocrx_word'/>
</head>
<body>
  <div class='ocr_page' id='page_1' title='image "./patrologiaecurs119unkngoog/patrologiaecurs119unkngoog_0637.png"; bbox 0 0 3950 6034; ppageno 0'>
   <div class='ocr_carea' id='block_1_1' title="bbox 94 233 1816 329">
    <p class='ocr_par' dir='ltr' id='par_1_1' title="bbox 94 233 1816 329">
     <span class='ocr_line' id='line_1_1' title="bbox 94 233 1816 329; baseline 0.005 -26"><span class='ocrx_word' id='word_1_1' title='bbox 94 238 179 303; x_wconf 79' lang='lat' dir='ltr'><strong>raas</strong></span> <span class='ocrx_word' id='word_1_2' title='bbox 421 233 608 300; x_wconf 81' lang='lat' dir='ltr'><strong>ntsronta</strong></span> <span class='ocrx_word' id='word_1_3' title='bbox 629 236 987 303; x_wconf 81' lang='lat' dir='ltr'><strong>coueosnuuuana.</strong></span> <span class='ocrx_word' id='word_1_4' title='bbox 1012 274 1051 288; x_wconf 92' lang='grc'><strong>-</strong></span> <span class='ocrx_word' id='word_1_5' title='bbox 1071 241 1146 308; x_wconf 82' lang='grc' dir='ltr'>ιιι.</span> <span class='ocrx_word' id='word_1_6' title='bbox 1169 245 1206 308; x_wconf 90' lang='lat' dir='ltr'><strong>rr.</strong></span> <span class='ocrx_word' id='word_1_7' title='bbox 1230 280 1269 296; x_wconf 87' lang='lat'><em>-</em></span> <span class='ocrx_word' id='word_1_8' title='bbox 1290 249 1355 312; x_wconf 85' lang='lat' dir='ltr'><strong>an.</strong></span> <span class='ocrx_word' id='word_1_9' title='bbox 1380 251 1469 314; x_wconf 81' lang='lat' dir='ltr'><strong>rrae.</strong></span> <span class='ocrx_word' id='word_1_10' title='bbox 1733 263 1816 329; x_wconf 68' lang='lat'><strong>122⁶·</strong></span> 
     </span>
    </p>
   </div>
   <div class='ocr_carea' id='block_1_2' title="bbox 88 371 1814 3045">
    <p class='ocr_par' dir='ltr' id='par_1_2' title="bbox 88 371 1814 3045">
     <span class='ocr_line' id='line_1_2' title="bbox 94 371 1810 459; baseline 0.003 -28"><span class='ocrx_word' id='word_1_11' title='bbox 94 371 243 448; x_wconf 88' lang='lat' dir='ltr'><strong>stipendio</strong></span> <span class='ocrx_word' id='word_1_12' title='bbox 275 371 405 445; x_wconf 89' lang='lat' dir='ltr'><strong>quotibet</strong></span> <span class='ocrx_word' id='word_1_13' title='bbox 430 372 515 429; x_wconf 87' lang='lat' dir='ltr'><strong>modo</strong></span> <span class='ocrx_word' id='word_1_14' title='bbox 539 371 697 445; x_wconf 79' lang='lat' dir='ltr'><strong>adiuvaret.</strong></span> <span class='ocrx_word' id='word_1_15' title='bbox 724 376 805 432; x_wconf 73' lang='lat' dir='ltr'><strong>huno</strong></span> <span class='ocrx_word' id='word_1_16' title='bbox 831 374 932 433; x_wconf 88' lang='lat' dir='ltr'><strong>archi·</strong></span> <span class='ocrx_word' id='word_1_17' title='bbox 948 379 976 448; x_wconf 66' lang='grc' dir='ltr'><strong>Α</strong></span> <span class='ocrx_word' id='word_1_18' title='bbox 990 376 1124 436; x_wconf 81' lang='lat' dir='ltr'><strong>Hcolesta</strong></span> <span class='ocrx_word' id='word_1_19' title='bbox 1138 381 1297 452; x_wconf 88' lang='lat' dir='ltr'><strong>astiterunt,</strong></span> <span class='ocrx_word' id='word_1_20' title='bbox 1309 390 1339 441; x_wconf 90' lang='lat' dir='ltr'><strong>nt</strong></span> <span class='ocrx_word' id='word_1_21' title='bbox 1351 385 1472 445; x_wconf 86' lang='lat' dir='ltr'><strong>electum</strong></span> <span class='ocrx_word' id='word_1_22' title='bbox 1485 402 1570 459; x_wconf 83' lang='lat' dir='ltr'><strong>quana</strong></span> <span class='ocrx_word' id='word_1_23' title='bbox 1584 391 1661 451; x_wconf 66' lang='lat' dir='ltr'><strong>tntaq-</strong></span> <span class='ocrx_word' id='word_1_24' title='bbox 1676 398 1707 451; x_wconf 61' lang='grc' dir='ltr'>ω</span> <span class='ocrx_word' id='word_1_25' title='bbox 1721 408 1810 453; x_wconf 61' lang='grc' dir='ltr'><strong>ωηο.</strong></span> 
     </span>
     <span class='ocr_line' id='line_1_3' title="bbox 95 461 1813 546; baseline 0.013 -26"><span class='ocrx_word' id='word_1_26' title='bbox 95 463 261 535; x_wconf 89' lang='lat' dir='ltr'><strong>episcopus,</strong></span> <span class='ocrx_word' id='word_1_27' title='bbox 283 469 313 520; x_wconf 92' lang='lat' dir='ltr'><strong>ut</strong></span> <span class='ocrx_word' id='word_1_28' title='bbox 337 461 516 519; x_wconf 78' lang='lat' dir='ltr'><strong>haereditates</strong></span> <span class='ocrx_word' id='word_1_29' title='bbox 540 462 576 519; x_wconf 89' lang='lat' dir='ltr'><strong>ab</strong></span> <span class='ocrx_word' id='word_1_30' title='bbox 601 462 661 519; x_wconf 90' lang='lat' dir='ltr'><strong>aris</strong></span> <span class='ocrx_word' id='word_1_31' title='bbox 684 462 744 519; x_wconf 89' lang='lat' dir='ltr'><strong>suis</strong></span> <span class='ocrx_word' id='word_1_32' title='bbox 768 462 797 519; x_wconf 79' lang='lat' dir='ltr'><strong>tt.</strong></span> <span class='ocrx_word' id='word_1_33' title='bbox 822 464 928 521; x_wconf 81' lang='lat' dir='ltr'><strong>Jacobo</strong></span> <span class='ocrx_word' id='word_1_34' title='bbox 982 466 1214 541; x_wconf 87' lang='lat' dir='ltr'><strong>niceeiegsraut,</strong></span> <span class='ocrx_word' id='word_1_35' title='bbox 1231 475 1433 546; x_wconf 83' lang='lat' dir='ltr'><strong>pontificalem</strong></span> <span class='ocrx_word' id='word_1_36' title='bbox 1447 476 1577 537; x_wconf 78' lang='lat' dir='ltr'>ordinem</span> <span class='ocrx_word' id='word_1_37' title='bbox 1592 482 1690 541; x_wconf 88' lang='lat' dir='ltr'><strong>subire</strong></span> <span class='ocrx_word' id='word_1_38' title='bbox 1704 499 1813 543; x_wconf 85' lang='lat' dir='ltr'><strong>oenoe·</strong></span> 
     </span>
     <span class='ocr_line' id='line_1_4' title="bbox 96 551 1813 646; baseline 0.011 -36"><span class='ocrx_word' id='word_1_39' title='bbox 96 567 252 611; x_wconf 87' lang='lat' dir='ltr'><strong>concessas</strong></span> <span class='ocrx_word' id='word_1_40' title='bbox 266 552 422 625; x_wconf 77' lang='lat' dir='ltr'><strong>privilegiis</strong></span> <span class='ocrx_word' id='word_1_41' title='bbox 438 551 596 609; x_wconf 85' lang='lat' dir='ltr'><strong>litterarum</strong></span> <span class='ocrx_word' id='word_1_42' title='bbox 612 551 805 619; x_wconf 76' lang='lat' dir='ltr'><strong>confirmaret,</strong></span> <span class='ocrx_word' id='word_1_43' title='bbox 822 556 854 609; x_wconf 88' lang='grc' dir='ltr'><strong>ιιι</strong></span> <span class='ocrx_word' id='word_1_44' title='bbox 868 568 928 611; x_wconf 82' lang='grc' dir='ltr'><strong>ιιι</strong></span> <span class='ocrx_word' id='word_1_45' title='bbox 979 556 1070 629; x_wconf 84' lang='lat' dir='ltr'><strong>deret,</strong></span> <span class='ocrx_word' id='word_1_46' title='bbox 1085 566 1113 615; x_wconf 92' lang='grc' dir='ltr'><strong>ιι</strong></span> <span class='ocrx_word' id='word_1_47' title='bbox 1126 561 1375 638; x_wconf 87' lang='lat' dir='ltr'><strong>archiepiscopum</strong></span> <span class='ocrx_word' id='word_1_48' title='bbox 1389 567 1654 640; x_wconf 81' lang='lat' dir='ltr'><strong>compostellanum</strong></span> <span class='ocrx_word' id='word_1_49' title='bbox 1670 574 1771 646; x_wconf 87' lang='lat' dir='ltr'><strong>adiret,</strong></span> <span class='ocrx_word' id='word_1_50' title='bbox 1785 581 1813 633; x_wconf 84' lang='lat' dir='ltr'><strong>at</strong></span> 
     </span>
     <span class='ocr_line' id='line_1_5' title="bbox 94 641 1814 731; baseline 0.012 -31"><span class='ocrx_word' id='word_1_51' title='bbox 94 642 247 713; x_wconf 88' lang='lat' dir='ltr'><strong>bonoram,</strong></span> <span class='ocrx_word' id='word_1_52' title='bbox 263 643 310 714; x_wconf 89' lang='lat' dir='ltr'><strong>qui</strong></span> <span class='ocrx_word' id='word_1_53' title='bbox 327 642 423 714; x_wconf 91' lang='lat' dir='ltr'><strong>potius</strong></span> <span class='ocrx_word' id='word_1_54' title='bbox 444 652 503 700; x_wconf 90' lang='lat' dir='ltr'><strong>erat</strong></span> <span class='ocrx_word' id='word_1_55' title='bbox 523 641 646 710; x_wconf 88' lang='lat' dir='ltr'><strong>sarcina,</strong></span> <span class='ocrx_word' id='word_1_56' title='bbox 662 641 814 708; x_wconf 88' lang='lat' dir='ltr'><strong>amitteret,</strong></span> <span class='ocrx_word' id='word_1_57' title='bbox 831 642 880 699; x_wconf 87' lang='lat' dir='ltr'><strong>sed</strong></span> <span class='ocrx_word' id='word_1_58' title='bbox 895 648 929 699; x_wconf 90' lang='lat' dir='ltr'><strong>ut</strong></span> <span class='ocrx_word' id='word_1_59' title='bbox 981 658 1038 701; x_wconf 88' lang='lat' dir='ltr'><strong>una</strong></span> <span class='ocrx_word' id='word_1_60' title='bbox 1062 662 1129 704; x_wconf 90' lang='lat' dir='ltr'><strong>cum</strong></span> <span class='ocrx_word' id='word_1_61' title='bbox 1149 651 1260 708; x_wconf 78' lang='lat' dir='ltr'><strong>ceteris</strong></span> <span class='ocrx_word' id='word_1_62' title='bbox 1274 654 1502 729; x_wconf 86' lang='lat' dir='ltr'><strong>archiepiscopis</strong></span> <span class='ocrx_word' id='word_1_63' title='bbox 1517 664 1545 715; x_wconf 89' lang='lat' dir='ltr'><strong>et</strong></span> <span class='ocrx_word' id='word_1_64' title='bbox 1565 660 1748 731; x_wconf 82' lang='lat' dir='ltr'><strong>pontificibus</strong></span> <span class='ocrx_word' id='word_1_65' title='bbox 1762 663 1814 721; x_wconf 90' lang='lat' dir='ltr'><strong>de·</strong></span> 
     </span>
     <span class='ocr_line' id='line_1_6' title="bbox 95 731 1811 811; baseline 0.004 -22"><span class='ocrx_word' id='word_1_66' title='bbox 95 733 129 789; x_wconf 89' lang='lat' dir='ltr'><strong>tu</strong></span> <span class='ocrx_word' id='word_1_67' title='bbox 160 731 366 804; x_wconf 67' lang='lat' dir='ltr'><strong>tranquillitate</strong></span> <span class='ocrx_word' id='word_1_68' title='bbox 398 739 426 789; x_wconf 90' lang='lat' dir='ltr'><strong>et</strong></span> <span class='ocrx_word' id='word_1_69' title='bbox 454 746 524 805; x_wconf 87' lang='lat' dir='ltr'><strong>pace</strong></span> <span class='ocrx_word' id='word_1_70' title='bbox 553 732 719 804; x_wconf 74' lang='lat' dir='ltr'><strong>Hispaniam</strong></span> <span class='ocrx_word' id='word_1_71' title='bbox 756 736 926 805; x_wconf 83' lang='lat' dir='ltr'><strong>protegeret,</strong></span> <span class='ocrx_word' id='word_1_72' title='bbox 979 739 1043 789; x_wconf 85' lang='lat' dir='ltr'><strong>vote</strong></span> <span class='ocrx_word' id='word_1_73' title='bbox 1062 736 1206 807; x_wconf 75' lang='lat' dir='ltr'><strong>rogitaret,</strong></span> <span class='ocrx_word' id='word_1_74' title='bbox 1221 742 1300 799; x_wconf 91' lang='lat' dir='ltr'><strong>utad</strong></span> <span class='ocrx_word' id='word_1_75' title='bbox 1317 745 1523 802; x_wconf 87' lang='lat' dir='ltr'><strong>sacerdotalem</strong></span> <span class='ocrx_word' id='word_1_76' title='bbox 1538 749 1670 806; x_wconf 77' lang='lat' dir='ltr'><strong>ordinem</strong></span> <span class='ocrx_word' id='word_1_77' title='bbox 1688 750 1811 811; x_wconf 63' lang='lat' dir='ltr'><strong>alearum</strong></span> 
     </span>
     <span class='ocr_line' id='line_1_7' title="bbox 93 820 1811 906; baseline 0.003 -28"><span class='ocrx_word' id='word_1_78' title='bbox 93 820 320 895; x_wconf 88' lang='lat' dir='ltr'><strong>quadringentas</strong></span> <span class='ocrx_word' id='word_1_79' title='bbox 347 836 461 881; x_wconf 87' lang='lat' dir='ltr'><strong>marcas</strong></span> <span class='ocrx_word' id='word_1_80' title='bbox 482 822 594 895; x_wconf 76' lang='lat' dir='ltr'><strong>argenti</strong></span> <span class='ocrx_word' id='word_1_81' title='bbox 617 821 759 894; x_wconf 79' lang='lat' dir='ltr'><strong>promisit.</strong></span> <span class='ocrx_word' id='word_1_82' title='bbox 777 825 843 879; x_wconf 82' lang='lat' dir='ltr'><strong>Post</strong></span> <span class='ocrx_word' id='word_1_83' title='bbox 867 821 928 878; x_wconf 83' lang='lat' dir='ltr'><strong>heo</strong></span> <span class='ocrx_word' id='word_1_84' title='bbox 981 834 1170 906; x_wconf 81' lang='lat' dir='ltr'><strong>promereret.</strong></span> <span class='ocrx_word' id='word_1_85' title='bbox 1205 828 1286 888; x_wconf 83' lang='lat' dir='ltr'><strong>&#39;iuno</strong></span> <span class='ocrx_word' id='word_1_86' title='bbox 1325 832 1568 906; x_wconf 85' lang='lat' dir='ltr'><strong>archiepiscopus,</strong></span> <span class='ocrx_word' id='word_1_87' title='bbox 1595 838 1751 898; x_wconf 57' lang='lat' dir='ltr'><strong>cardinatis</strong></span> <span class='ocrx_word' id='word_1_88' title='bbox 1781 847 1811 901; x_wconf 53' lang='grc' dir='ltr'><strong>ῦς</strong></span> 
     </span>
     <span class='ocr_line' id='line_1_8' title="bbox 89 909 1811 1001; baseline 0.012 -33"><span class='ocrx_word' id='word_1_89' title='bbox 89 912 154 982; x_wconf 85' lang='lat' dir='ltr'><strong>jara</strong></span> <span class='ocrx_word' id='word_1_90' title='bbox 171 918 323 968; x_wconf 87' lang='lat' dir='ltr'><strong>securusat</strong></span> <span class='ocrx_word' id='word_1_91' title='bbox 338 926 404 968; x_wconf 90' lang='lat' dir='ltr'><strong>cum</strong></span> <span class='ocrx_word' id='word_1_92' title='bbox 427 911 596 982; x_wconf 88' lang='lat' dir='ltr'><strong>imperatore</strong></span> <span class='ocrx_word' id='word_1_93' title='bbox 606 909 785 982; x_wconf 78' lang='lat' dir='ltr'><strong>pacificatus,</strong></span> <span class='ocrx_word' id='word_1_94' title='bbox 794 917 821 967; x_wconf 88' lang='lat' dir='ltr'><strong>et</strong></span> <span class='ocrx_word' id='word_1_95' title='bbox 837 925 926 968; x_wconf 91' lang='lat' dir='ltr'><strong>annm</strong></span> <span class='ocrx_word' id='word_1_96' title='bbox 979 910 1160 983; x_wconf 78' lang='lat' dir='ltr'><strong>¹mperatoris</strong></span> <span class='ocrx_word' id='word_1_97' title='bbox 1182 920 1321 989; x_wconf 73' lang='lat' dir='ltr'><strong>praeibas</strong></span> <span class='ocrx_word' id='word_1_98' title='bbox 1344 928 1520 995; x_wconf 89' lang='lat' dir='ltr'><strong>commotus,</strong></span> <span class='ocrx_word' id='word_1_99' title='bbox 1545 927 1749 1001; x_wconf 79' lang='lat' dir='ltr'><strong>supplicationi</strong></span> <span class='ocrx_word' id='word_1_100' title='bbox 1762 948 1811 989; x_wconf 89' lang='lat' dir='ltr'><strong>ar·</strong></span> 
     </span>
     <span class='ocr_line' id='line_1_9' title="bbox 95 1000 1801 1087; baseline 0.007 -30"><span class='ocrx_word' id='word_1_101' title='bbox 95 1013 149 1057; x_wconf 90' lang='lat' dir='ltr'><strong>cor</strong></span> <span class='ocrx_word' id='word_1_102' title='bbox 163 1007 192 1057; x_wconf 92' lang='grc' dir='ltr'><strong>ιι</strong></span> <span class='ocrx_word' id='word_1_103' title='bbox 213 1002 309 1057; x_wconf 87' lang='lat' dir='ltr'><strong>anima</strong></span> <span class='ocrx_word' id='word_1_104' title='bbox 334 1000 435 1069; x_wconf 90' lang='lat' dir='ltr'><strong>iactus,</strong></span> <span class='ocrx_word' id='word_1_105' title='bbox 456 1000 491 1055; x_wconf 89' lang='lat' dir='ltr'><strong>ad</strong></span> <span class='ocrx_word' id='word_1_106' title='bbox 520 1000 674 1072; x_wconf 79' lang='lat' dir='ltr'><strong>hospitium</strong></span> <span class='ocrx_word' id='word_1_107' title='bbox 700 1014 783 1055; x_wconf 90' lang='lat' dir='ltr'><strong>suum</strong></span> <span class='ocrx_word' id='word_1_108' title='bbox 799 1003 844 1055; x_wconf 88' lang='lat' dir='ltr'><strong>cei</strong></span> <span class='ocrx_word' id='word_1_109' title='bbox 858 1015 925 1072; x_wconf 90' lang='lat' dir='ltr'><strong>pro·</strong></span> <span class='ocrx_word' id='word_1_110' title='bbox 978 1001 1227 1076; x_wconf 85' lang='lat' dir='ltr'><strong>chlepiscoporum</strong></span> <span class='ocrx_word' id='word_1_111' title='bbox 1241 1016 1269 1067; x_wconf 89' lang='grc' dir='ltr'><strong>ιι</strong></span> <span class='ocrx_word' id='word_1_112' title='bbox 1284 1011 1453 1081; x_wconf 82' lang='lat' dir='ltr'><strong>pontiacum</strong></span> <span class='ocrx_word' id='word_1_113' title='bbox 1467 1015 1619 1087; x_wconf 76' lang='lat' dir='ltr'><strong>annulavit,</strong></span> <span class='ocrx_word' id='word_1_114' title='bbox 1635 1028 1662 1075; x_wconf 89' lang='lat' dir='ltr'><strong>et</strong></span> <span class='ocrx_word' id='word_1_115' title='bbox 1678 1019 1801 1078; x_wconf 75' lang='lat' dir='ltr'><strong>alearum</strong></span> 
     </span>
     <span class='ocr_line' id='line_1_10' title="bbox 97 1088 1807 1182; baseline 0.001 -16"><span class='ocrx_word' id='word_1_116' title='bbox 97 1088 202 1147; x_wconf 53' lang='lat' dir='ltr'><strong>filim&amp;</strong></span> <span class='ocrx_word' id='word_1_117' title='bbox 979 1103 1010 1159; x_wconf 70' lang='lat' dir='ltr'><strong>pn</strong></span> <span class='ocrx_word' id='word_1_118' title='bbox 1025 1092 1148 1152; x_wconf 90' lang='lat' dir='ltr'><strong>concilio</strong></span> <span class='ocrx_word' id='word_1_119' title='bbox 1171 1112 1237 1154; x_wconf 89' lang='lat' dir='ltr'><strong>cnm</strong></span> <span class='ocrx_word' id='word_1_120' title='bbox 1262 1098 1371 1157; x_wconf 89' lang='lat' dir='ltr'><strong>bonore</strong></span> <span class='ocrx_word' id='word_1_121' title='bbox 1397 1109 1424 1159; x_wconf 89' lang='lat' dir='ltr'><strong>et</strong></span> <span class='ocrx_word' id='word_1_122' title='bbox 1440 1106 1599 1164; x_wconf 78' lang='lat' dir='ltr'><strong>reverentia</strong></span> <span class='ocrx_word' id='word_1_123' title='bbox 1615 1107 1646 1165; x_wconf 92' lang='lat' dir='ltr'><strong>in</strong></span> <span class='ocrx_word' id='word_1_124' title='bbox 1669 1108 1807 1182; x_wconf 80' lang='lat' dir='ltr'><strong>burgensi</strong></span> 
     </span>
     <span class='ocr_line' id='line_1_11' title="bbox 223 1177 1808 1268; baseline 0.008 -32"><span class='ocrx_word' id='word_1_125' title='bbox 223 1179 260 1236; x_wconf 80' lang='lat' dir='ltr'><strong>iic</strong></span> <span class='ocrx_word' id='word_1_126' title='bbox 272 1177 448 1251; x_wconf 74' lang='lat' dir='ltr'><strong>indulgentie</strong></span> <span class='ocrx_word' id='word_1_127' title='bbox 462 1180 496 1235; x_wconf 87' lang='lat' dir='ltr'><strong>ob</strong></span> <span class='ocrx_word' id='word_1_128' title='bbox 509 1177 710 1252; x_wconf 85' lang='lat' dir='ltr'><strong>archiepiscopo</strong></span> <span class='ocrx_word' id='word_1_129' title='bbox 726 1177 800 1235; x_wconf 85' lang='lat' dir='ltr'><strong>datu.</strong></span> <span class='ocrx_word' id='word_1_130' title='bbox 978 1181 1046 1239; x_wconf 88' lang='lat' dir='ltr'><strong>sede</strong></span> <span class='ocrx_word' id='word_1_131' title='bbox 1070 1183 1270 1245; x_wconf 85' lang='lat' dir='ltr'><strong>honestissima</strong></span> <span class='ocrx_word' id='word_1_132' title='bbox 1300 1192 1489 1259; x_wconf 77' lang='lat' dir='ltr'><strong>presentibus</strong></span> <span class='ocrx_word' id='word_1_133' title='bbox 1512 1194 1665 1268; x_wconf 87' lang='lat' dir='ltr'><strong>episcopis,</strong></span> <span class='ocrx_word' id='word_1_134' title='bbox 1691 1214 1808 1259; x_wconf 65' lang='lat' dir='ltr'><strong>necnon</strong></span> 
     </span>
     <span class='ocr_line' id='line_1_12' title="bbox 131 1267 1808 1361; baseline 0.006 -26"><span class='ocrx_word' id='word_1_135' title='bbox 131 1280 165 1335; x_wconf 93' lang='lat' dir='ltr'><strong>iu</strong></span> <span class='ocrx_word' id='word_1_136' title='bbox 180 1286 291 1350; x_wconf 90' lang='lat' dir='ltr'><strong>postero</strong></span> <span class='ocrx_word' id='word_1_137' title='bbox 307 1290 372 1331; x_wconf 89' lang='lat' dir='ltr'><strong>rere</strong></span> <span class='ocrx_word' id='word_1_138' title='bbox 394 1271 440 1328; x_wconf 88' lang='lat' dir='ltr'><strong>die</strong></span> <span class='ocrx_word' id='word_1_139' title='bbox 469 1269 529 1326; x_wconf 83' lang='lat' dir='ltr'><strong>suis</strong></span> <span class='ocrx_word' id='word_1_140' title='bbox 553 1268 700 1326; x_wconf 89' lang='lat' dir='ltr'><strong>canonicis</strong></span> <span class='ocrx_word' id='word_1_141' title='bbox 723 1267 875 1326; x_wconf 81' lang='lat' dir='ltr'><strong>contaetus</strong></span> <span class='ocrx_word' id='word_1_142' title='bbox 899 1276 925 1326; x_wconf 91' lang='lat' dir='ltr'><strong>at</strong></span> <span class='ocrx_word' id='word_1_143' title='bbox 979 1272 1175 1343; x_wconf 90' lang='lat' dir='ltr'><strong>compluribus</strong></span> <span class='ocrx_word' id='word_1_144' title='bbox 1190 1276 1304 1333; x_wconf 89' lang='lat' dir='ltr'><strong>clericis</strong></span> <span class='ocrx_word' id='word_1_145' title='bbox 1317 1279 1376 1337; x_wconf 84' lang='lat' dir='ltr'><strong>sita</strong></span> <span class='ocrx_word' id='word_1_146' title='bbox 1390 1281 1555 1353; x_wconf 86' lang='lat' dir='ltr'><strong>putantibus</strong></span> <span class='ocrx_word' id='word_1_147' title='bbox 1569 1291 1597 1342; x_wconf 91' lang='lat' dir='ltr'><strong>et</strong></span> <span class='ocrx_word' id='word_1_148' title='bbox 1610 1285 1808 1361; x_wconf 88' lang='lat' dir='ltr'><strong>optimatibus,</strong></span> 
     </span>
     <span class='ocr_line' id='line_1_13' title="bbox 94 1358 1170 1441; baseline -0.006 -15"><span class='ocrx_word' id='word_1_149' title='bbox 94 1365 291 1441; x_wconf 84' lang='lat' dir='ltr'><strong>proditoribus</strong></span> <span class='ocrx_word' id='word_1_150' title='bbox 307 1367 371 1435; x_wconf 88' lang='lat' dir='ltr'><strong>poet</strong></span> <span class='ocrx_word' id='word_1_151' title='bbox 399 1367 510 1433; x_wconf 88' lang='lat' dir='ltr'><strong>tergum</strong></span> <span class='ocrx_word' id='word_1_152' title='bbox 537 1358 723 1427; x_wconf 79' lang='lat' dir='ltr'><strong>aequantibus</strong></span> <span class='ocrx_word' id='word_1_153' title='bbox 742 1358 777 1414; x_wconf 89' lang='lat' dir='ltr'><strong>ad</strong></span> <span class='ocrx_word' id='word_1_154' title='bbox 793 1359 925 1414; x_wconf 89' lang='lat' dir='ltr'><strong>ultimum</strong></span> <span class='ocrx_word' id='word_1_155' title='bbox 979 1365 1170 1421; x_wconf 88' lang='lat' dir='ltr'><strong>consecrarit.</strong></span> 
     </span>
     <span class='ocr_line' id='line_1_14' title="bbox 96 1447 1810 1535; baseline 0.005 -19"><span class='ocrx_word' id='word_1_156' title='bbox 96 1457 175 1516; x_wconf 87' lang='lat' dir='ltr'><strong>diam</strong></span> <span class='ocrx_word' id='word_1_157' title='bbox 201 1452 318 1514; x_wconf 86' lang='lat' dir='ltr'><strong>concilii</strong></span> <span class='ocrx_word' id='word_1_158' title='bbox 340 1450 465 1510; x_wconf 83' lang='lat' dir='ltr'><strong>aduenit.</strong></span> <span class='ocrx_word' id='word_1_159' title='bbox 492 1449 549 1505; x_wconf 87' lang='lat' dir='ltr'><strong>Hos</strong></span> <span class='ocrx_word' id='word_1_160' title='bbox 575 1456 670 1506; x_wconf 90' lang='lat' dir='ltr'><strong>autem</strong></span> <span class='ocrx_word' id='word_1_161' title='bbox 701 1447 857 1521; x_wconf 89' lang='lat' dir='ltr'><strong>proditores</strong></span> <span class='ocrx_word' id='word_1_162' title='bbox 880 1463 926 1507; x_wconf 89' lang='lat' dir='ltr'><strong>ar.</strong></span> <span class='ocrx_word' id='word_1_163' title='bbox 1013 1449 1135 1525; x_wconf 88' lang='lat' dir='ltr'><strong>Contigit</strong></span> <span class='ocrx_word' id='word_1_164' title='bbox 1151 1454 1284 1526; x_wconf 86' lang='lat' dir='ltr'><strong>equidem</strong></span> <span class='ocrx_word' id='word_1_165' title='bbox 1304 1465 1345 1523; x_wconf 88' lang='lat' dir='ltr'><strong>ut,</strong></span> <span class='ocrx_word' id='word_1_166' title='bbox 1367 1465 1520 1533; x_wconf 88' lang='lat' dir='ltr'><strong>autequam</strong></span> <span class='ocrx_word' id='word_1_167' title='bbox 1547 1464 1679 1535; x_wconf 74' lang='lat' dir='ltr'><strong>gauriolo</strong></span> <span class='ocrx_word' id='word_1_168' title='bbox 1704 1469 1810 1526; x_wconf 90' lang='lat' dir='ltr'><strong>conci·</strong></span> 
     </span>
     <span class='ocr_line' id='line_1_15' title="bbox 94 1537 1808 1620; baseline 0 -13"><span class='ocrx_word' id='word_1_169' title='bbox 94 1548 311 1620; x_wconf 88' lang='lat' dir='ltr'><strong>cbiepiscopum</strong></span> <span class='ocrx_word' id='word_1_170' title='bbox 325 1547 488 1613; x_wconf 87' lang='lat' dir='ltr'><strong>sequentes,</strong></span> <span class='ocrx_word' id='word_1_171' title='bbox 504 1537 631 1610; x_wconf 87' lang='lat' dir='ltr'><strong>episcopi</strong></span> <span class='ocrx_word' id='word_1_172' title='bbox 654 1553 720 1596; x_wconf 90' lang='lat' dir='ltr'><strong>cum</strong></span> <span class='ocrx_word' id='word_1_173' title='bbox 735 1538 858 1607; x_wconf 91' lang='lat' dir='ltr'><strong>clericis,</strong></span> <span class='ocrx_word' id='word_1_174' title='bbox 874 1552 924 1596; x_wconf 68' lang='lat' dir='ltr'><strong>co·</strong></span> <span class='ocrx_word' id='word_1_175' title='bbox 978 1539 1049 1611; x_wconf 79' lang='lat' dir='ltr'><strong>pium</strong></span> <span class='ocrx_word' id='word_1_176' title='bbox 1066 1540 1154 1610; x_wconf 87' lang='lat' dir='ltr'><strong>tieret,</strong></span> <span class='ocrx_word' id='word_1_177' title='bbox 1180 1543 1298 1617; x_wconf 89' lang='lat' dir='ltr'><strong>qnidam</strong></span> <span class='ocrx_word' id='word_1_178' title='bbox 1326 1548 1446 1606; x_wconf 82' lang='lat' dir='ltr'><strong>Pisanus</strong></span> <span class='ocrx_word' id='word_1_179' title='bbox 1473 1551 1509 1606; x_wconf 92' lang='lat' dir='ltr'><strong>ad</strong></span> <span class='ocrx_word' id='word_1_180' title='bbox 1538 1550 1639 1609; x_wconf 90' lang='lat' dir='ltr'><strong>limina</strong></span> <span class='ocrx_word' id='word_1_181' title='bbox 1662 1554 1693 1611; x_wconf 83' lang='lat' dir='ltr'><strong>il.</strong></span> <span class='ocrx_word' id='word_1_182' title='bbox 1708 1555 1808 1614; x_wconf 77' lang='lat' dir='ltr'><strong>iacobi</strong></span> 
     </span>
     <span class='ocr_line' id='line_1_16' title="bbox 94 1627 1809 1717; baseline 0 -21"><span class='ocrx_word' id='word_1_183' title='bbox 94 1638 181 1696; x_wconf 85' lang='lat' dir='ltr'><strong>mites</strong></span> <span class='ocrx_word' id='word_1_184' title='bbox 195 1652 260 1694; x_wconf 90' lang='lat' dir='ltr'><strong>cnm</strong></span> <span class='ocrx_word' id='word_1_185' title='bbox 276 1630 417 1690; x_wconf 86' lang='lat' dir='ltr'><strong>militibus</strong></span> <span class='ocrx_word' id='word_1_186' title='bbox 432 1643 498 1687; x_wconf 89' lang='lat' dir='ltr'><strong>curn</strong></span> <span class='ocrx_word' id='word_1_187' title='bbox 520 1627 662 1694; x_wconf 83' lang='lat' dir='ltr'><strong>viderunt,</strong></span> <span class='ocrx_word' id='word_1_188' title='bbox 680 1627 725 1684; x_wconf 91' lang='lat' dir='ltr'><strong>his</strong></span> <span class='ocrx_word' id='word_1_189' title='bbox 739 1627 856 1685; x_wconf 81' lang='lat' dir='ltr'><strong>roribus</strong></span> <span class='ocrx_word' id='word_1_190' title='bbox 870 1644 925 1686; x_wconf 81' lang='lat' dir='ltr'><strong>er·</strong></span> <span class='ocrx_word' id='word_1_191' title='bbox 979 1630 1097 1688; x_wconf 88' lang='lat' dir='ltr'><strong>reuiens</strong></span> <span class='ocrx_word' id='word_1_192' title='bbox 1118 1633 1153 1690; x_wconf 92' lang='lat' dir='ltr'><strong>de</strong></span> <span class='ocrx_word' id='word_1_193' title='bbox 1178 1636 1409 1707; x_wconf 88' lang='lat' dir='ltr'><strong>peregrinatione</strong></span> <span class='ocrx_word' id='word_1_194' title='bbox 1424 1640 1538 1710; x_wconf 83' lang='lat' dir='ltr'><strong>rediret,</strong></span> <span class='ocrx_word' id='word_1_195' title='bbox 1554 1648 1583 1699; x_wconf 90' lang='lat' dir='ltr'><strong>et</strong></span> <span class='ocrx_word' id='word_1_196' title='bbox 1605 1658 1669 1716; x_wconf 84' lang='lat' dir='ltr'><strong>que</strong></span> <span class='ocrx_word' id='word_1_197' title='bbox 1684 1646 1809 1717; x_wconf 78' lang='lat' dir='ltr'><strong>propriis</strong></span> 
     </span>
     <span class='ocr_line' id='line_1_17' title="bbox 89 1714 1808 1807; baseline 0.003 -24"><span class='ocrx_word' id='word_1_198' title='bbox 89 1725 219 1784; x_wconf 87' lang='lat' dir='ltr'><strong>clamare</strong></span> <span class='ocrx_word' id='word_1_199' title='bbox 243 1727 412 1794; x_wconf 73' lang='lat' dir='ltr'><strong>caeperunt:</strong></span> <span class='ocrx_word' id='word_1_200' title='bbox 429 1738 444 1768; x_wconf 82' lang='lat' dir='ltr'><strong>a</strong></span> <span class='ocrx_word' id='word_1_201' title='bbox 457 1715 529 1773; x_wconf 81' lang='lat' dir='ltr'><strong>Heca</strong></span> <span class='ocrx_word' id='word_1_202' title='bbox 545 1714 605 1787; x_wconf 89' lang='lat' dir='ltr'><strong>lupi</strong></span> <span class='ocrx_word' id='word_1_203' title='bbox 627 1729 732 1786; x_wconf 87' lang='lat' dir='ltr'><strong>agnum</strong></span> <span class='ocrx_word' id='word_1_204' title='bbox 758 1721 928 1786; x_wconf 65' lang='lat' dir='ltr'><strong>sequentes,</strong></span> <span class='ocrx_word' id='word_1_205' title='bbox 943 1724 969 1792; x_wconf 77' lang='grc' dir='ltr'><strong>Β</strong></span> <span class='ocrx_word' id='word_1_206' title='bbox 982 1720 1073 1776; x_wconf 89' lang='lat' dir='ltr'><strong>oculis</strong></span> <span class='ocrx_word' id='word_1_207' title='bbox 1086 1720 1117 1777; x_wconf 90' lang='lat' dir='ltr'><strong>in</strong></span> <span class='ocrx_word' id='word_1_208' title='bbox 1132 1721 1220 1781; x_wconf 88' lang='lat' dir='ltr'><strong>altare</strong></span> <span class='ocrx_word' id='word_1_209' title='bbox 1235 1725 1265 1780; x_wconf 85' lang='lat' dir='ltr'><strong>il.</strong></span> <span class='ocrx_word' id='word_1_210' title='bbox 1280 1727 1379 1784; x_wconf 87' lang='lat' dir='ltr'><strong>Jacobi</strong></span> <span class='ocrx_word' id='word_1_211' title='bbox 1399 1726 1518 1796; x_wconf 78' lang='lat' dir='ltr'><strong>rideret,</strong></span> <span class='ocrx_word' id='word_1_212' title='bbox 1534 1738 1562 1787; x_wconf 90' lang='lat' dir='ltr'><strong>et</strong></span> <span class='ocrx_word' id='word_1_213' title='bbox 1586 1732 1683 1791; x_wconf 89' lang='lat' dir='ltr'><strong>auditu</strong></span> <span class='ocrx_word' id='word_1_214' title='bbox 1713 1750 1808 1807; x_wconf 85' lang='lat' dir='ltr'><strong>perce·</strong></span> 
     </span>
     <span class='ocr_line' id='line_1_18' title="bbox 90 1803 1807 1892; baseline 0.002 -20"><span class='ocrx_word' id='word_1_215' title='bbox 90 1828 159 1872; x_wconf 89' lang='lat' dir='ltr'><strong>ecce</strong></span> <span class='ocrx_word' id='word_1_216' title='bbox 173 1809 307 1869; x_wconf 85' lang='lat' dir='ltr'><strong>Pharisaei</strong></span> <span class='ocrx_word' id='word_1_217' title='bbox 318 1807 462 1865; x_wconf 80' lang='lat' dir='ltr'><strong>christum</strong></span> <span class='ocrx_word' id='word_1_218' title='bbox 475 1803 686 1874; x_wconf 82' lang='lat' dir='ltr'><strong>crucifigentes,</strong></span> <span class='ocrx_word' id='word_1_219' title='bbox 703 1805 732 1859; x_wconf 86' lang='lat' dir='ltr'><strong>el</strong></span> <span class='ocrx_word' id='word_1_220' title='bbox 748 1817 915 1860; x_wconf 82' lang='lat' dir='ltr'><strong>excomnru-</strong></span> <span class='ocrx_word' id='word_1_221' title='bbox 982 1812 1062 1879; x_wconf 82' lang='lat' dir='ltr'><strong>peret</strong></span> <span class='ocrx_word' id='word_1_222' title='bbox 1089 1811 1125 1866; x_wconf 90' lang='lat' dir='ltr'><strong>de</strong></span> <span class='ocrx_word' id='word_1_223' title='bbox 1148 1812 1246 1870; x_wconf 87' lang='lat' dir='ltr'><strong>altaris</strong></span> <span class='ocrx_word' id='word_1_224' title='bbox 1269 1818 1299 1870; x_wconf 82' lang='grc' dir='ltr'><strong>Β.</strong></span> <span class='ocrx_word' id='word_1_225' title='bbox 1315 1814 1416 1873; x_wconf 79' lang='lat' dir='ltr'><strong>iacobi</strong></span> <span class='ocrx_word' id='word_1_226' title='bbox 1445 1820 1683 1892; x_wconf 82' lang='lat' dir='ltr'><strong>persecutoribus,</strong></span> <span class='ocrx_word' id='word_1_227' title='bbox 1713 1831 1740 1880; x_wconf 88' lang='lat' dir='ltr'><strong>at</strong></span> <span class='ocrx_word' id='word_1_228' title='bbox 1762 1824 1807 1881; x_wconf 82' lang='lat' dir='ltr'><strong>snt</strong></span> 
     </span>
     <span class='ocr_line' id='line_1_19' title="bbox 88 1891 1804 1981; baseline 0.005 -23"><span class='ocrx_word' id='word_1_229' title='bbox 88 1899 178 1958; x_wconf 82' lang='lat' dir='ltr'><strong>niceti</strong></span> <span class='ocrx_word' id='word_1_230' title='bbox 204 1897 342 1957; x_wconf 81' lang='lat' dir='ltr'><strong>Hectesiae</strong></span> <span class='ocrx_word' id='word_1_231' title='bbox 367 1893 490 1951; x_wconf 82' lang='lat' dir='ltr'><strong>heretici</strong></span> <span class='ocrx_word' id='word_1_232' title='bbox 517 1891 679 1965; x_wconf 86' lang='lat' dir='ltr'><strong>proditores</strong></span> <span class='ocrx_word' id='word_1_233' title='bbox 704 1905 788 1962; x_wconf 93' lang='lat' dir='ltr'><strong>supcr</strong></span> <span class='ocrx_word' id='word_1_234' title='bbox 814 1893 923 1963; x_wconf 84' lang='lat' dir='ltr'><strong>petrem</strong></span> <span class='ocrx_word' id='word_1_235' title='bbox 981 1896 1100 1966; x_wconf 87' lang='lat' dir='ltr'><strong>pastoris</strong></span> <span class='ocrx_word' id='word_1_236' title='bbox 1114 1896 1328 1972; x_wconf 85' lang='lat' dir='ltr'><strong>lapidatoribus,</strong></span> <span class='ocrx_word' id='word_1_237' title='bbox 1344 1910 1372 1960; x_wconf 91' lang='lat' dir='ltr'><strong>et</strong></span> <span class='ocrx_word' id='word_1_238' title='bbox 1386 1903 1422 1959; x_wconf 90' lang='lat' dir='ltr'><strong>de</strong></span> <span class='ocrx_word' id='word_1_239' title='bbox 1443 1907 1654 1978; x_wconf 74' lang='lat' dir='ltr'><strong>conspiratione</strong></span> <span class='ocrx_word' id='word_1_240' title='bbox 1669 1924 1804 1981; x_wconf 90' lang='lat' dir='ltr'><strong>quorum·</strong></span> 
     </span>
     <span class='ocr_line' id='line_1_20' title="bbox 91 1980 1804 2069; baseline 0.002 -22"><span class='ocrx_word' id='word_1_241' title='bbox 91 2004 177 2048; x_wconf 90' lang='lat' dir='ltr'><strong>suum</strong></span> <span class='ocrx_word' id='word_1_242' title='bbox 192 1984 534 2057; x_wconf 87' lang='lat' dir='ltr'><strong>muncrapromittsntes.</strong></span> <span class='ocrx_word' id='word_1_243' title='bbox 552 2001 567 2032; x_wconf 87' lang='grc' dir='ltr'><strong>ιι</strong></span> <span class='ocrx_word' id='word_1_244' title='bbox 596 1980 647 2037; x_wconf 85' lang='lat' dir='ltr'><strong>His</strong></span> <span class='ocrx_word' id='word_1_245' title='bbox 669 1981 923 2052; x_wconf 84' lang='lat' dir='ltr'><strong>auditisnbstupo-</strong></span> <span class='ocrx_word' id='word_1_246' title='bbox 978 1984 1044 2042; x_wconf 82' lang='lat' dir='ltr'><strong>dana</strong></span> <span class='ocrx_word' id='word_1_247' title='bbox 1072 1986 1179 2045; x_wconf 81' lang='lat' dir='ltr'><strong>civium</strong></span> <span class='ocrx_word' id='word_1_248' title='bbox 1206 1989 1279 2047; x_wconf 88' lang='lat' dir='ltr'><strong>iacta</strong></span> <span class='ocrx_word' id='word_1_249' title='bbox 1296 1991 1431 2050; x_wconf 80' lang='lat' dir='ltr'><strong>adsersus</strong></span> <span class='ocrx_word' id='word_1_250' title='bbox 1454 1994 1714 2069; x_wconf 87' lang='lat' dir='ltr'><strong>archiepiscopum,</strong></span> <span class='ocrx_word' id='word_1_251' title='bbox 1744 1997 1804 2057; x_wconf 81' lang='lat' dir='ltr'><strong>sive</strong></span> 
     </span>
     <span class='ocr_line' id='line_1_21' title="bbox 92 2070 1802 2157; baseline 0.006 -22"><span class='ocrx_word' id='word_1_252' title='bbox 92 2078 163 2136; x_wconf 85' lang='lat' dir='ltr'><strong>iacti</strong></span> <span class='ocrx_word' id='word_1_253' title='bbox 179 2076 288 2150; x_wconf 76' lang='lat' dir='ltr'><strong>lingum</strong></span> <span class='ocrx_word' id='word_1_254' title='bbox 302 2089 402 2132; x_wconf 88' lang='lat' dir='ltr'><strong>eorum</strong></span> <span class='ocrx_word' id='word_1_255' title='bbox 420 2070 763 2139; x_wconf 79' lang='lat' dir='ltr'><strong>saucibusadharebant,</strong></span> <span class='ocrx_word' id='word_1_256' title='bbox 779 2074 922 2128; x_wconf 82' lang='lat' dir='ltr'><strong>elersen·</strong></span> <span class='ocrx_word' id='word_1_257' title='bbox 978 2076 1149 2148; x_wconf 89' lang='lat' dir='ltr'><strong>imperatore</strong></span> <span class='ocrx_word' id='word_1_258' title='bbox 1171 2080 1381 2156; x_wconf 82' lang='lat' dir='ltr'><strong>archicpiscopi</strong></span> <span class='ocrx_word' id='word_1_259' title='bbox 1404 2083 1613 2156; x_wconf 86' lang='lat' dir='ltr'><strong>depositionem</strong></span> <span class='ocrx_word' id='word_1_260' title='bbox 1636 2088 1802 2157; x_wconf 84' lang='lat' dir='ltr'><strong>meditante,</strong></span> 
     </span>
     <span class='ocr_line' id='line_1_22' title="bbox 93 2159 1803 2247; baseline 0.006 -22"><span class='ocrx_word' id='word_1_261' title='bbox 93 2182 164 2241; x_wconf 85' lang='lat' dir='ltr'><strong>gaes</strong></span> <span class='ocrx_word' id='word_1_262' title='bbox 178 2173 206 2224; x_wconf 90' lang='lat' dir='ltr'><strong>et</strong></span> <span class='ocrx_word' id='word_1_263' title='bbox 220 2181 254 2223; x_wconf 86' lang='lat' dir='ltr'><strong>ex</strong></span> <span class='ocrx_word' id='word_1_264' title='bbox 270 2162 350 2222; x_wconf 92' lang='lat' dir='ltr'><strong>omni</strong></span> <span class='ocrx_word' id='word_1_265' title='bbox 363 2168 443 2235; x_wconf 90' lang='lat' dir='ltr'><strong>parte</strong></span> <span class='ocrx_word' id='word_1_266' title='bbox 456 2161 601 2217; x_wconf 84' lang='lat' dir='ltr'><strong>irritantes</strong></span> <span class='ocrx_word' id='word_1_267' title='bbox 615 2159 649 2216; x_wconf 88' lang='lat' dir='ltr'><strong>ad</strong></span> <span class='ocrx_word' id='word_1_268' title='bbox 666 2159 819 2216; x_wconf 90' lang='lat' dir='ltr'><strong>consilium</strong></span> <span class='ocrx_word' id='word_1_269' title='bbox 832 2159 922 2228; x_wconf 93' lang='lat' dir='ltr'><strong>ibant,</strong></span> <span class='ocrx_word' id='word_1_270' title='bbox 976 2165 1039 2222; x_wconf 90' lang='lat' dir='ltr'><strong>auri</strong></span> <span class='ocrx_word' id='word_1_271' title='bbox 1053 2168 1219 2241; x_wconf 76' lang='lat' dir='ltr'><strong>argentique</strong></span> <span class='ocrx_word' id='word_1_272' title='bbox 1233 2171 1441 2242; x_wconf 86' lang='lat' dir='ltr'><strong>magnitudine,</strong></span> <span class='ocrx_word' id='word_1_273' title='bbox 1453 2190 1531 2245; x_wconf 84' lang='lat' dir='ltr'><strong>papae</strong></span> <span class='ocrx_word' id='word_1_274' title='bbox 1545 2176 1735 2247; x_wconf 88' lang='lat' dir='ltr'><strong>perordinem</strong></span> <span class='ocrx_word' id='word_1_275' title='bbox 1751 2194 1803 2236; x_wconf 93' lang='lat' dir='ltr'><strong>no·</strong></span> 
     </span>
     <span class='ocr_line' id='line_1_23' title="bbox 91 2248 1804 2329; baseline 0.006 -16"><span class='ocrx_word' id='word_1_276' title='bbox 91 2272 163 2329; x_wconf 93' lang='lat' dir='ltr'><strong>quos</strong></span> <span class='ocrx_word' id='word_1_277' title='bbox 177 2255 382 2320; x_wconf 82' lang='lat' dir='ltr'><strong>exclamantes,</strong></span> <span class='ocrx_word' id='word_1_278' title='bbox 397 2258 426 2307; x_wconf 92' lang='lat' dir='ltr'><strong>et</strong></span> <span class='ocrx_word' id='word_1_279' title='bbox 449 2248 575 2320; x_wconf 90' lang='lat' dir='ltr'><strong>undique</strong></span> <span class='ocrx_word' id='word_1_280' title='bbox 599 2248 757 2320; x_wconf 84' lang='lat' dir='ltr'><strong>proditores</strong></span> <span class='ocrx_word' id='word_1_281' title='bbox 778 2248 922 2305; x_wconf 87' lang='lat' dir='ltr'><strong>irritantes</strong></span> <span class='ocrx_word' id='word_1_282' title='bbox 977 2253 1103 2314; x_wconf 83' lang='lat' dir='ltr'><strong>tilicarit.</strong></span> <span class='ocrx_word' id='word_1_283' title='bbox 1120 2257 1195 2329; x_wconf 82' lang='lat' dir='ltr'><strong>Papa</strong></span> <span class='ocrx_word' id='word_1_284' title='bbox 1208 2274 1286 2326; x_wconf 79' lang='lat' dir='ltr'><strong>vero,</strong></span> <span class='ocrx_word' id='word_1_285' title='bbox 1302 2261 1465 2318; x_wconf 83' lang='lat' dir='ltr'><strong>consonatis</strong></span> <span class='ocrx_word' id='word_1_286' title='bbox 1492 2263 1686 2323; x_wconf 87' lang='lat' dir='ltr'><strong>cardinalibus</strong></span> <span class='ocrx_word' id='word_1_287' title='bbox 1706 2275 1733 2322; x_wconf 86' lang='lat' dir='ltr'><strong>et</strong></span> <span class='ocrx_word' id='word_1_288' title='bbox 1748 2271 1804 2325; x_wconf 85' lang='lat' dir='ltr'><strong>ito·</strong></span> 
     </span>
     <span class='ocr_line' id='line_1_24' title="bbox 94 2337 1801 2425; baseline -0.001 -21"><span class='ocrx_word' id='word_1_289' title='bbox 94 2346 235 2418; x_wconf 87' lang='lat' dir='ltr'><strong>benignus</strong></span> <span class='ocrx_word' id='word_1_290' title='bbox 251 2343 331 2400; x_wconf 83' lang='lat' dir='ltr'><strong>Pater</strong></span> <span class='ocrx_word' id='word_1_291' title='bbox 355 2340 554 2411; x_wconf 68' lang='lat' dir='ltr'><strong>redarguebat,</strong></span> <span class='ocrx_word' id='word_1_292' title='bbox 570 2347 597 2395; x_wconf 91' lang='lat' dir='ltr'><strong>ut</strong></span> <span class='ocrx_word' id='word_1_293' title='bbox 623 2353 659 2396; x_wconf 89' lang='grc' dir='ltr'><strong>ιιι</strong></span> <span class='ocrx_word' id='word_1_294' title='bbox 684 2350 732 2395; x_wconf 84' lang='grc' dir='ltr'><strong>ιιι</strong></span> <span class='ocrx_word' id='word_1_295' title='bbox 746 2337 921 2396; x_wconf 88' lang='lat' dir='ltr'><strong>oblatrarent</strong></span> <span class='ocrx_word' id='word_1_296' title='bbox 977 2359 1067 2399; x_wconf 81' lang='lat' dir='ltr'><strong>mane</strong></span> <span class='ocrx_word' id='word_1_297' title='bbox 1082 2347 1169 2402; x_wconf 84' lang='lat' dir='ltr'><strong>curia</strong></span> <span class='ocrx_word' id='word_1_298' title='bbox 1185 2348 1341 2417; x_wconf 82' lang='lat' dir='ltr'><strong>majoribus</strong></span> <span class='ocrx_word' id='word_1_299' title='bbox 1356 2365 1415 2406; x_wconf 89' lang='lat' dir='ltr'><strong>uon</strong></span> <span class='ocrx_word' id='word_1_300' title='bbox 1431 2350 1494 2408; x_wconf 88' lang='lat' dir='ltr'><strong>sinc</strong></span> <span class='ocrx_word' id='word_1_301' title='bbox 1508 2367 1612 2425; x_wconf 88' lang='lat' dir='ltr'><strong>magua</strong></span> <span class='ocrx_word' id='word_1_302' title='bbox 1626 2354 1801 2413; x_wconf 64' lang='lat' dir='ltr'><strong>enutritione</strong></span> 
     </span>
     <span class='ocr_line' id='line_1_25' title="bbox 91 2429 1802 2509; baseline 0.005 -15"><span class='ocrx_word' id='word_1_303' title='bbox 91 2435 237 2494; x_wconf 89' lang='lat' dir='ltr'><strong>humiliter</strong></span> <span class='ocrx_word' id='word_1_304' title='bbox 252 2432 397 2497; x_wconf 79' lang='lat' dir='ltr'><strong>exorabat,</strong></span> <span class='ocrx_word' id='word_1_305' title='bbox 413 2429 549 2501; x_wconf 91' lang='lat' dir='ltr'><strong>quoniam</strong></span> <span class='ocrx_word' id='word_1_306' title='bbox 565 2429 589 2483; x_wconf 89' lang='lat' dir='ltr'><strong>si</strong></span> <span class='ocrx_word' id='word_1_307' title='bbox 605 2434 803 2499; x_wconf 85' lang='lat' dir='ltr'><strong>peccaverant,</strong></span> <span class='ocrx_word' id='word_1_308' title='bbox 819 2443 921 2485; x_wconf 88' lang='lat' dir='ltr'><strong>emen·</strong></span> <span class='ocrx_word' id='word_1_309' title='bbox 975 2431 1068 2488; x_wconf 83' lang='lat' dir='ltr'><strong>cordis</strong></span> <span class='ocrx_word' id='word_1_310' title='bbox 1092 2440 1175 2505; x_wconf 90' lang='lat' dir='ltr'><strong>atque</strong></span> <span class='ocrx_word' id='word_1_311' title='bbox 1198 2436 1295 2494; x_wconf 89' lang='lat' dir='ltr'><strong>dolore</strong></span> <span class='ocrx_word' id='word_1_312' title='bbox 1325 2437 1417 2509; x_wconf 87' lang='lat' dir='ltr'><strong>palam</strong></span> <span class='ocrx_word' id='word_1_313' title='bbox 1441 2441 1553 2497; x_wconf 90' lang='lat' dir='ltr'><strong>eunctis</strong></span> <span class='ocrx_word' id='word_1_314' title='bbox 1577 2444 1677 2499; x_wconf 80' lang='grc' dir='ltr'>ιοιιιιιι</span> <span class='ocrx_word' id='word_1_315' title='bbox 1699 2444 1802 2503; x_wconf 89' lang='lat' dir='ltr'><strong>ordine</strong></span> 
     </span>
     <span class='ocr_line' id='line_1_26' title="bbox 91 2516 1802 2604; baseline 0.002 -21"><span class='ocrx_word' id='word_1_316' title='bbox 91 2524 153 2583; x_wconf 92' lang='lat' dir='ltr'><strong>dari</strong></span> <span class='ocrx_word' id='word_1_317' title='bbox 168 2531 196 2581; x_wconf 89' lang='lat' dir='ltr'><strong>et</strong></span> <span class='ocrx_word' id='word_1_318' title='bbox 212 2522 315 2594; x_wconf 89' lang='lat' dir='ltr'><strong>corrigi</strong></span> <span class='ocrx_word' id='word_1_319' title='bbox 344 2526 483 2592; x_wconf 87' lang='lat' dir='ltr'><strong>poterant.</strong></span> <span class='ocrx_word' id='word_1_320' title='bbox 500 2518 537 2575; x_wconf 88' lang='lat' dir='ltr'><strong>Hi</strong></span> <span class='ocrx_word' id='word_1_321' title='bbox 551 2533 617 2574; x_wconf 89' lang='lat' dir='ltr'><strong>raro</strong></span> <span class='ocrx_word' id='word_1_322' title='bbox 643 2516 775 2574; x_wconf 85' lang='lat' dir='ltr'><strong>canonici</strong></span> <span class='ocrx_word' id='word_1_323' title='bbox 797 2517 921 2589; x_wconf 91' lang='lat' dir='ltr'><strong>prodito·</strong></span> <span class='ocrx_word' id='word_1_324' title='bbox 975 2520 1139 2578; x_wconf 87' lang='lat' dir='ltr'><strong>declararit.</strong></span> <span class='ocrx_word' id='word_1_325' title='bbox 1161 2522 1209 2579; x_wconf 86' lang='lat' dir='ltr'><strong>iiis</strong></span> <span class='ocrx_word' id='word_1_326' title='bbox 1224 2524 1263 2579; x_wconf 95' lang='lat' dir='ltr'><strong>ita</strong></span> <span class='ocrx_word' id='word_1_327' title='bbox 1276 2524 1359 2582; x_wconf 87' lang='lat' dir='ltr'><strong>dictis</strong></span> <span class='ocrx_word' id='word_1_328' title='bbox 1382 2526 1543 2585; x_wconf 88' lang='lat' dir='ltr'><strong>cardinales</strong></span> <span class='ocrx_word' id='word_1_329' title='bbox 1557 2535 1585 2586; x_wconf 90' lang='lat' dir='ltr'><strong>et</strong></span> <span class='ocrx_word' id='word_1_330' title='bbox 1599 2531 1694 2589; x_wconf 82' lang='lat' dir='ltr'><strong>ceteri</strong></span> <span class='ocrx_word' id='word_1_331' title='bbox 1709 2532 1802 2604; x_wconf 77' lang='lat' dir='ltr'><strong>majo·</strong></span> 
     </span>
     <span class='ocr_line' id='line_1_27' title="bbox 97 2604 1798 2686; baseline -0.002 -13"><span class='ocrx_word' id='word_1_332' title='bbox 97 2631 143 2672; x_wconf 86' lang='lat' dir='ltr'><strong>res</strong></span> <span class='ocrx_word' id='word_1_333' title='bbox 156 2614 285 2673; x_wconf 86' lang='lat' dir='ltr'><strong>ridentes</strong></span> <span class='ocrx_word' id='word_1_334' title='bbox 297 2627 326 2667; x_wconf 86' lang='lat' dir='ltr'><strong>ss</strong></span> <span class='ocrx_word' id='word_1_335' title='bbox 342 2608 459 2682; x_wconf 89' lang='lat' dir='ltr'><strong>turpiter</strong></span> <span class='ocrx_word' id='word_1_336' title='bbox 470 2608 664 2677; x_wconf 85' lang='lat' dir='ltr'><strong>dedecoratos,</strong></span> <span class='ocrx_word' id='word_1_337' title='bbox 680 2613 708 2663; x_wconf 92' lang='lat' dir='ltr'><strong>et</strong></span> <span class='ocrx_word' id='word_1_338' title='bbox 718 2604 777 2663; x_wconf 88' lang='lat' dir='ltr'><strong>suis</strong></span> <span class='ocrx_word' id='word_1_339' title='bbox 791 2605 920 2663; x_wconf 87' lang='lat' dir='ltr'><strong>consiliis</strong></span> <span class='ocrx_word' id='word_1_340' title='bbox 976 2626 1022 2666; x_wconf 89' lang='lat' dir='ltr'><strong>res</strong></span> <span class='ocrx_word' id='word_1_341' title='bbox 1036 2611 1109 2667; x_wconf 90' lang='lat' dir='ltr'><strong>ultra</strong></span> <span class='ocrx_word' id='word_1_342' title='bbox 1124 2627 1209 2684; x_wconf 90' lang='lat' dir='ltr'><strong>qnam</strong></span> <span class='ocrx_word' id='word_1_343' title='bbox 1225 2618 1318 2682; x_wconf 86' lang='lat' dir='ltr'><strong>potest</strong></span> <span class='ocrx_word' id='word_1_344' title='bbox 1340 2615 1398 2673; x_wconf 92' lang='lat' dir='ltr'><strong>dici</strong></span> <span class='ocrx_word' id='word_1_345' title='bbox 1425 2616 1587 2686; x_wconf 88' lang='lat' dir='ltr'><strong>doluerunt,</strong></span> <span class='ocrx_word' id='word_1_346' title='bbox 1603 2628 1629 2677; x_wconf 92' lang='grc' dir='ltr'><strong>ιι</strong></span> <span class='ocrx_word' id='word_1_347' title='bbox 1645 2624 1746 2680; x_wconf 77' lang='lat' dir='ltr'><strong>flentes</strong></span> <span class='ocrx_word' id='word_1_348' title='bbox 1771 2629 1798 2679; x_wconf 73' lang='lat' dir='ltr'><strong>ar</strong></span> 
     </span>
     <span class='ocr_line' id='line_1_28' title="bbox 94 2696 1798 2781; baseline -0.001 -19"><span class='ocrx_word' id='word_1_349' title='bbox 94 2703 221 2774; x_wconf 89' lang='lat' dir='ltr'><strong>delusos,</strong></span> <span class='ocrx_word' id='word_1_350' title='bbox 236 2702 270 2759; x_wconf 93' lang='lat' dir='ltr'><strong>ad</strong></span> <span class='ocrx_word' id='word_1_351' title='bbox 286 2701 523 2772; x_wconf 87' lang='lat' dir='ltr'><strong>imperatoremet</strong></span> <span class='ocrx_word' id='word_1_352' title='bbox 538 2696 799 2765; x_wconf 87' lang='lat' dir='ltr'><strong>cardinalem‚curn</strong></span> <span class='ocrx_word' id='word_1_353' title='bbox 817 2696 919 2768; x_wconf 92' lang='lat' dir='ltr'><strong>quibus</strong></span> <span class='ocrx_word' id='word_1_354' title='bbox 973 2702 1097 2771; x_wconf 88' lang='lat' dir='ltr'><strong>suspiria</strong></span> <span class='ocrx_word' id='word_1_355' title='bbox 1137 2701 1282 2758; x_wconf 85' lang='lat' dir='ltr'><strong>trabentes</strong></span> <span class='ocrx_word' id='word_1_356' title='bbox 1306 2701 1533 2763; x_wconf 84' lang='lat' dir='ltr'><strong>exclamaveruut</strong></span> <span class='ocrx_word' id='word_1_357' title='bbox 1561 2722 1628 2765; x_wconf 88' lang='lat' dir='ltr'><strong>cuat</strong></span> <span class='ocrx_word' id='word_1_358' title='bbox 1655 2726 1727 2781; x_wconf 89' lang='lat' dir='ltr'><strong>papa</strong></span> <span class='ocrx_word' id='word_1_359' title='bbox 1755 2711 1798 2766; x_wconf 87' lang='lat' dir='ltr'><strong>di·</strong></span> 
     </span>
     <span class='ocr_line' id='line_1_29' title="bbox 93 2785 1799 2865; baseline 0.001 -12"><span class='ocrx_word' id='word_1_360' title='bbox 93 2793 246 2853; x_wconf 86' lang='lat' dir='ltr'><strong>notandam</strong></span> <span class='ocrx_word' id='word_1_361' title='bbox 261 2790 452 2865; x_wconf 86' lang='lat' dir='ltr'><strong>proditionem</strong></span> <span class='ocrx_word' id='word_1_362' title='bbox 477 2792 675 2854; x_wconf 77' lang='lat' dir='ltr'><strong>tractaverant,</strong></span> <span class='ocrx_word' id='word_1_363' title='bbox 692 2785 773 2843; x_wconf 82' lang='lat' dir='ltr'><strong>linito</strong></span> <span class='ocrx_word' id='word_1_364' title='bbox 794 2785 918 2844; x_wconf 90' lang='lat' dir='ltr'><strong>concilio</strong></span> <span class='ocrx_word' id='word_1_365' title='bbox 973 2798 1094 2845; x_wconf 86' lang='lat' dir='ltr'><strong>centes:</strong></span> <span class='ocrx_word' id='word_1_366' title='bbox 1123 2792 1267 2848; x_wconf 83' lang='lat' dir='ltr'><strong>Hactenus</strong></span> <span class='ocrx_word' id='word_1_367' title='bbox 1304 2791 1430 2850; x_wconf 81' lang='lat' dir='ltr'><strong>Romana</strong></span> <span class='ocrx_word' id='word_1_368' title='bbox 1469 2794 1594 2853; x_wconf 83' lang='lat' dir='ltr'><strong>Hcolesia</strong></span> <span class='ocrx_word' id='word_1_369' title='bbox 1631 2796 1799 2856; x_wconf 88' lang='lat' dir='ltr'><strong>innumeras</strong></span> 
     </span>
     <span class='ocr_line' id='line_1_30' title="bbox 89 2875 1800 2954; baseline 0.001 -12"><span class='ocrx_word' id='word_1_370' title='bbox 89 2884 225 2942; x_wconf 83' lang='lat' dir='ltr'><strong>velociter</strong></span> <span class='ocrx_word' id='word_1_371' title='bbox 239 2885 436 2948; x_wconf 89' lang='lat' dir='ltr'><strong>cucurrerunt,</strong></span> <span class='ocrx_word' id='word_1_372' title='bbox 463 2884 493 2935; x_wconf 93' lang='lat' dir='ltr'><strong>ut</strong></span> <span class='ocrx_word' id='word_1_373' title='bbox 508 2893 559 2950; x_wconf 92' lang='lat' dir='ltr'><strong>pro</strong></span> <span class='ocrx_word' id='word_1_374' title='bbox 573 2876 615 2935; x_wconf 91' lang='lat' dir='ltr'><strong>eis</strong></span> <span class='ocrx_word' id='word_1_375' title='bbox 634 2876 709 2950; x_wconf 89' lang='lat' dir='ltr'><strong>apud</strong></span> <span class='ocrx_word' id='word_1_376' title='bbox 726 2875 917 2948; x_wconf 86' lang='lat' dir='ltr'><strong>arehiepisco-</strong></span> <span class='ocrx_word' id='word_1_377' title='bbox 971 2878 1152 2935; x_wconf 88' lang='lat' dir='ltr'><strong>adrersitatas</strong></span> <span class='ocrx_word' id='word_1_378' title='bbox 1167 2887 1195 2935; x_wconf 91' lang='lat' dir='ltr'><strong>et</strong></span> <span class='ocrx_word' id='word_1_379' title='bbox 1215 2895 1359 2939; x_wconf 82' lang='lat' dir='ltr'><strong>aerumnas</strong></span> <span class='ocrx_word' id='word_1_380' title='bbox 1388 2883 1517 2954; x_wconf 85' lang='lat' dir='ltr'><strong>pertulit,</strong></span> <span class='ocrx_word' id='word_1_381' title='bbox 1532 2891 1561 2942; x_wconf 88' lang='lat' dir='ltr'><strong>ct</strong></span> <span class='ocrx_word' id='word_1_382' title='bbox 1584 2900 1663 2944; x_wconf 89' lang='lat' dir='ltr'><strong>nunc</strong></span> <span class='ocrx_word' id='word_1_383' title='bbox 1681 2888 1717 2943; x_wconf 92' lang='lat' dir='ltr'><strong>ad</strong></span> <span class='ocrx_word' id='word_1_384' title='bbox 1732 2884 1800 2944; x_wconf 90' lang='lat' dir='ltr'><strong>uiti·</strong></span> 
     </span>
     <span class='ocr_line' id='line_1_31' title="bbox 93 2962 1801 3045; baseline 0.002 -15"><span class='ocrx_word' id='word_1_385' title='bbox 93 2987 163 3045; x_wconf 89' lang='lat' dir='ltr'><strong>pum</strong></span> <span class='ocrx_word' id='word_1_386' title='bbox 187 2970 406 3037; x_wconf 88' lang='lat' dir='ltr'><strong>intercederent,</strong></span> <span class='ocrx_word' id='word_1_387' title='bbox 430 2975 457 3024; x_wconf 91' lang='lat' dir='ltr'><strong>et</strong></span> <span class='ocrx_word' id='word_1_388' title='bbox 483 2980 582 3039; x_wconf 88' lang='lat' dir='ltr'><strong>paoem</strong></span> <span class='ocrx_word' id='word_1_389' title='bbox 610 2978 675 3021; x_wconf 92' lang='lat' dir='ltr'><strong>cum</strong></span> <span class='ocrx_word' id='word_1_390' title='bbox 699 2978 733 3022; x_wconf 91' lang='lat' dir='ltr'><strong>eo</strong></span> <span class='ocrx_word' id='word_1_391' title='bbox 757 2962 914 3021; x_wconf 81' lang='lat' dir='ltr'><strong>firmarent.</strong></span> <span class='ocrx_word' id='word_1_392' title='bbox 972 2982 1051 3023; x_wconf 87' lang='lat' dir='ltr'><strong>marn</strong></span> <span class='ocrx_word' id='word_1_393' title='bbox 1066 2967 1215 3026; x_wconf 86' lang='lat' dir='ltr'><strong>brachium</strong></span> <span class='ocrx_word' id='word_1_394' title='bbox 1231 2969 1363 3028; x_wconf 81' lang='lat' dir='ltr'><strong>dextrum</strong></span> <span class='ocrx_word' id='word_1_395' title='bbox 1376 2971 1482 3029; x_wconf 85' lang='lat' dir='ltr'><strong>amisit.</strong></span> <span class='ocrx_word' id='word_1_396' title='bbox 1497 2974 1635 3033; x_wconf 81' lang='lat' dir='ltr'><strong>Posthac</strong></span> <span class='ocrx_word' id='word_1_397' title='bbox 1646 2975 1801 3034; x_wconf 88' lang='lat' dir='ltr'><strong>cardinalis</strong></span> 
     </span>
    </p>
   </div>
   <div class='ocr_carea' id='block_1_3' title="bbox 88 3053 1838 3228">
    <p class='ocr_par' dir='ltr' id='par_1_3' title="bbox 88 3053 1838 3228">
     <span class='ocr_line' id='line_1_32' title="bbox 88 3053 1795 3167; baseline 0.001 -46"><span class='ocrx_word' id='word_1_398' title='bbox 88 3064 170 3122; x_wconf 81' lang='lat' dir='ltr'><strong>Tunc</strong></span> <span class='ocrx_word' id='word_1_399' title='bbox 185 3058 364 3118; x_wconf 86' lang='lat' dir='ltr'><strong>reuerendus</strong></span> <span class='ocrx_word' id='word_1_400' title='bbox 378 3061 470 3126; x_wconf 77' lang='lat' dir='ltr'><strong>Pater,</strong></span> <span class='ocrx_word' id='word_1_401' title='bbox 486 3055 584 3113; x_wconf 88' lang='lat' dir='ltr'><strong>odium</strong></span> <span class='ocrx_word' id='word_1_402' title='bbox 612 3069 756 3113; x_wconf 76' lang='lat' dir='ltr'><strong>reservare</strong></span> <span class='ocrx_word' id='word_1_403' title='bbox 770 3053 914 3124; x_wconf 87' lang='lat' dir='ltr'><strong>nesciens,</strong></span> <span class='ocrx_word' id='word_1_404' title='bbox 937 3099 959 3167; x_wconf 68' lang='lat' dir='ltr'>c</span> <span class='ocrx_word' id='word_1_405' title='bbox 977 3057 1012 3113; x_wconf 92' lang='lat' dir='ltr'><strong>dc</strong></span> <span class='ocrx_word' id='word_1_406' title='bbox 1023 3055 1161 3127; x_wconf 85' lang='lat' dir='ltr'><strong>Hispania</strong></span> <span class='ocrx_word' id='word_1_407' title='bbox 1175 3073 1304 3117; x_wconf 90' lang='lat' dir='ltr'><strong>remeans</strong></span> <span class='ocrx_word' id='word_1_408' title='bbox 1320 3060 1381 3119; x_wconf 86' lang='lat' dir='ltr'><strong>hac</strong></span> <span class='ocrx_word' id='word_1_409' title='bbox 1395 3063 1494 3119; x_wconf 88' lang='lat' dir='ltr'><strong>eadem</strong></span> <span class='ocrx_word' id='word_1_410' title='bbox 1508 3078 1570 3135; x_wconf 85' lang='lat' dir='ltr'><strong>qua</strong></span> <span class='ocrx_word' id='word_1_411' title='bbox 1583 3063 1658 3122; x_wconf 90' lang='lat' dir='ltr'><strong>dieta</strong></span> <span class='ocrx_word' id='word_1_412' title='bbox 1672 3065 1795 3136; x_wconf 87' lang='lat' dir='ltr'><strong>inerant,</strong></span> 
     </span>
     <span class='ocr_line' id='line_1_33' title="bbox 90 3145 1838 3228; baseline -0.001 -18"><span class='ocrx_word' id='word_1_413' title='bbox 90 3154 251 3212; x_wconf 79' lang='lat' dir='ltr'><strong>interuentu</strong></span> <span class='ocrx_word' id='word_1_414' title='bbox 277 3148 431 3208; x_wconf 87' lang='lat' dir='ltr'><strong>cardinalis</strong></span> <span class='ocrx_word' id='word_1_415' title='bbox 457 3154 484 3205; x_wconf 90' lang='lat' dir='ltr'><strong>et</strong></span> <span class='ocrx_word' id='word_1_416' title='bbox 512 3145 693 3216; x_wconf 89' lang='lat' dir='ltr'><strong>imperatoris</strong></span> <span class='ocrx_word' id='word_1_417' title='bbox 722 3145 857 3218; x_wconf 88' lang='lat' dir='ltr'><strong>pepercit,</strong></span> <span class='ocrx_word' id='word_1_418' title='bbox 886 3149 915 3201; x_wconf 87' lang='lat' dir='ltr'><strong>et</strong></span> <span class='ocrx_word' id='word_1_419' title='bbox 978 3162 1056 3217; x_wconf 83' lang='lat' dir='ltr'><strong>papa</strong></span> <span class='ocrx_word' id='word_1_420' title='bbox 1071 3154 1097 3202; x_wconf 91' lang='lat' dir='ltr'><strong>et</strong></span> <span class='ocrx_word' id='word_1_421' title='bbox 1112 3146 1246 3205; x_wconf 86' lang='lat' dir='ltr'><strong>omnibns</strong></span> <span class='ocrx_word' id='word_1_422' title='bbox 1268 3148 1403 3206; x_wconf 83' lang='lat' dir='ltr'><strong>Romanas</strong></span> <span class='ocrx_word' id='word_1_423' title='bbox 1421 3150 1646 3210; x_wconf 85' lang='lat' dir='ltr'><strong>carieseriatim</strong></span> <span class='ocrx_word' id='word_1_424' title='bbox 1662 3155 1795 3213; x_wconf 87' lang='lat' dir='ltr'><strong>narrarit.</strong></span> <span class='ocrx_word' id='word_1_425' title='bbox 1835 3222 1838 3228; x_wconf 21' lang='lat'><strong><em>¹</em></strong></span> 
     </span>
    </p>
   </div>
   <div class='ocr_carea' id='block_1_4' title="bbox 81 3233 1803 5650">
    <p class='ocr_par' dir='ltr' id='par_1_4' title="bbox 81 3233 1803 5650">
     <span class='ocr_line' id='line_1_34' title="bbox 89 3233 1801 3316; baseline -0.002 -13"><span class='ocrx_word' id='word_1_426' title='bbox 89 3258 186 3316; x_wconf 88' lang='lat' dir='ltr'><strong>pacem</strong></span> <span class='ocrx_word' id='word_1_427' title='bbox 201 3255 268 3299; x_wconf 92' lang='lat' dir='ltr'><strong>oum</strong></span> <span class='ocrx_word' id='word_1_428' title='bbox 282 3239 323 3297; x_wconf 89' lang='lat' dir='ltr'><strong>eie</strong></span> <span class='ocrx_word' id='word_1_429' title='bbox 337 3237 468 3303; x_wconf 83' lang='lat' dir='ltr'><strong>firmarit,</strong></span> <span class='ocrx_word' id='word_1_430' title='bbox 479 3237 547 3293; x_wconf 88' lang='lat' dir='ltr'><strong>data</strong></span> <span class='ocrx_word' id='word_1_431' title='bbox 560 3233 723 3292; x_wconf 89' lang='lat' dir='ltr'><strong>conditione</strong></span> <span class='ocrx_word' id='word_1_432' title='bbox 737 3241 768 3290; x_wconf 94' lang='lat' dir='ltr'><strong>ut</strong></span> <span class='ocrx_word' id='word_1_433' title='bbox 781 3250 839 3291; x_wconf 90' lang='lat' dir='ltr'><strong>non</strong></span> <span class='ocrx_word' id='word_1_434' title='bbox 850 3250 914 3290; x_wconf 89' lang='lat' dir='ltr'><strong>am·</strong></span> <span class='ocrx_word' id='word_1_435' title='bbox 966 3234 1049 3292; x_wconf 79' lang='lat' dir='ltr'><strong>Tunc</strong></span> <span class='ocrx_word' id='word_1_436' title='bbox 1064 3239 1201 3293; x_wconf 39' lang='lat' dir='ltr'><strong>astrersus</strong></span> <span class='ocrx_word' id='word_1_437' title='bbox 1226 3239 1426 3308; x_wconf 86' lang='lat' dir='ltr'><strong>imperatorem</strong></span> <span class='ocrx_word' id='word_1_438' title='bbox 1446 3247 1474 3297; x_wconf 90' lang='lat' dir='ltr'><strong>ct</strong></span> <span class='ocrx_word' id='word_1_439' title='bbox 1498 3242 1611 3298; x_wconf 86' lang='lat' dir='ltr'><strong>eosdem</strong></span> <span class='ocrx_word' id='word_1_440' title='bbox 1641 3243 1801 3313; x_wconf 84' lang='lat' dir='ltr'><strong>proditores</strong></span> 
     </span>
     <span class='ocr_line' id='line_1_35' title="bbox 88 3321 1800 3403; baseline -0.001 -13"><span class='ocrx_word' id='word_1_441' title='bbox 88 3332 164 3403; x_wconf 86' lang='lat' dir='ltr'><strong>plius</strong></span> <span class='ocrx_word' id='word_1_442' title='bbox 178 3330 205 3388; x_wconf 90' lang='lat' dir='ltr'><strong>ei</strong></span> <span class='ocrx_word' id='word_1_443' title='bbox 220 3330 398 3397; x_wconf 85' lang='lat' dir='ltr'><strong>derogarent,</strong></span> <span class='ocrx_word' id='word_1_444' title='bbox 413 3340 467 3383; x_wconf 87' lang='lat' dir='ltr'><strong>nee</strong></span> <span class='ocrx_word' id='word_1_445' title='bbox 486 3325 548 3396; x_wconf 88' lang='lat' dir='ltr'><strong>jam</strong></span> <span class='ocrx_word' id='word_1_446' title='bbox 579 3321 687 3379; x_wconf 89' lang='lat' dir='ltr'><strong>taliaat</strong></span> <span class='ocrx_word' id='word_1_447' title='bbox 711 3321 860 3379; x_wconf 86' lang='lat' dir='ltr'><strong>horribilia</strong></span> <span class='ocrx_word' id='word_1_448' title='bbox 881 3322 911 3378; x_wconf 91' lang='lat' dir='ltr'><strong>in</strong></span> <span class='ocrx_word' id='word_1_449' title='bbox 967 3340 1039 3395; x_wconf 77' lang='lat' dir='ltr'><strong>papa</strong></span> <span class='ocrx_word' id='word_1_450' title='bbox 1063 3325 1229 3382; x_wconf 88' lang='lat' dir='ltr'><strong>terribiliter</strong></span> <span class='ocrx_word' id='word_1_451' title='bbox 1256 3326 1404 3399; x_wconf 79' lang='lat' dir='ltr'><strong>insurgere</strong></span> <span class='ocrx_word' id='word_1_452' title='bbox 1428 3329 1538 3400; x_wconf 83' lang='lat' dir='ltr'><strong>roiuit;</strong></span> <span class='ocrx_word' id='word_1_453' title='bbox 1569 3331 1617 3388; x_wconf 88' lang='lat' dir='ltr'><strong>sed</strong></span> <span class='ocrx_word' id='word_1_454' title='bbox 1643 3332 1709 3402; x_wconf 88' lang='lat' dir='ltr'><strong>quia</strong></span> <span class='ocrx_word' id='word_1_455' title='bbox 1732 3339 1800 3388; x_wconf 87' lang='lat' dir='ltr'><strong>tuno</strong></span> 
     </span>
     <span class='ocr_line' id='line_1_36' title="bbox 88 3410 1800 3489; baseline -0.001 -11"><span class='ocrx_word' id='word_1_456' title='bbox 88 3435 154 3478; x_wconf 88' lang='lat' dir='ltr'><strong>eum</strong></span> <span class='ocrx_word' id='word_1_457' title='bbox 168 3418 263 3477; x_wconf 87' lang='lat' dir='ltr'><strong>tacere</strong></span> <span class='ocrx_word' id='word_1_458' title='bbox 276 3415 489 3488; x_wconf 80' lang='lat' dir='ltr'><strong>excogitarent;</strong></span> <span class='ocrx_word' id='word_1_459' title='bbox 505 3411 581 3485; x_wconf 92' lang='lat' dir='ltr'><strong>quod</strong></span> <span class='ocrx_word' id='word_1_460' title='bbox 605 3410 629 3467; x_wconf 91' lang='lat' dir='ltr'><strong>si</strong></span> <span class='ocrx_word' id='word_1_461' title='bbox 645 3425 744 3468; x_wconf 89' lang='lat' dir='ltr'><strong>rursus</strong></span> <span class='ocrx_word' id='word_1_462' title='bbox 758 3416 909 3483; x_wconf 83' lang='lat' dir='ltr'><strong>tentarent,</strong></span> <span class='ocrx_word' id='word_1_463' title='bbox 978 3413 1103 3484; x_wconf 88' lang='lat' dir='ltr'><strong>emporis</strong></span> <span class='ocrx_word' id='word_1_464' title='bbox 1123 3413 1249 3470; x_wconf 83' lang='lat' dir='ltr'><strong>itomana</strong></span> <span class='ocrx_word' id='word_1_465' title='bbox 1273 3415 1401 3474; x_wconf 80' lang='lat' dir='ltr'><strong>Hcctesta</strong></span> <span class='ocrx_word' id='word_1_466' title='bbox 1429 3418 1676 3489; x_wconf 88' lang='lat' dir='ltr'><strong>persecutionibus</strong></span> <span class='ocrx_word' id='word_1_467' title='bbox 1700 3423 1800 3477; x_wconf 89' lang='lat' dir='ltr'><strong>coacta</strong></span> 
     </span>
     <span class='ocr_line' id='line_1_37' title="bbox 87 3500 1799 3583; baseline 0 -17"><span class='ocrx_word' id='word_1_468' title='bbox 87 3508 293 3583; x_wconf 85' lang='lat' dir='ltr'><strong>preteritorum</strong></span> <span class='ocrx_word' id='word_1_469' title='bbox 317 3521 377 3563; x_wconf 91' lang='lat' dir='ltr'><strong>aon</strong></span> <span class='ocrx_word' id='word_1_470' title='bbox 391 3502 575 3568; x_wconf 79' lang='lat' dir='ltr'><strong>obliviscens,</strong></span> <span class='ocrx_word' id='word_1_471' title='bbox 599 3501 715 3573; x_wconf 90' lang='lat' dir='ltr'><strong>dignam</strong></span> <span class='ocrx_word' id='word_1_472' title='bbox 739 3500 910 3573; x_wconf 90' lang='lat' dir='ltr'><strong>proditionis</strong></span> <span class='ocrx_word' id='word_1_473' title='bbox 964 3507 1025 3558; x_wconf 89' lang='lat' dir='ltr'><strong>erat</strong></span> <span class='ocrx_word' id='word_1_474' title='bbox 1039 3502 1069 3559; x_wconf 92' lang='lat' dir='ltr'><strong>in</strong></span> <span class='ocrx_word' id='word_1_475' title='bbox 1093 3503 1276 3572; x_wconf 76' lang='lat' dir='ltr'><strong>aduersitate,</strong></span> <span class='ocrx_word' id='word_1_476' title='bbox 1303 3520 1340 3562; x_wconf 91' lang='lat' dir='ltr'><strong>uo</strong></span> <span class='ocrx_word' id='word_1_477' title='bbox 1363 3504 1530 3563; x_wconf 87' lang='lat' dir='ltr'><strong>scandalum</strong></span> <span class='ocrx_word' id='word_1_478' title='bbox 1558 3507 1651 3579; x_wconf 77' lang='lat' dir='ltr'><strong>maius</strong></span> <span class='ocrx_word' id='word_1_479' title='bbox 1674 3512 1799 3567; x_wconf 86' lang='lat' dir='ltr'><strong>oriretur</strong></span> 
     </span>
     <span class='ocr_line' id='line_1_38' title="bbox 85 3590 1796 3668; baseline -0.004 -8"><span class='ocrx_word' id='word_1_480' title='bbox 85 3601 256 3660; x_wconf 90' lang='lat' dir='ltr'><strong>senteutiam</strong></span> <span class='ocrx_word' id='word_1_481' title='bbox 266 3599 371 3656; x_wconf 89' lang='lat' dir='ltr'><strong>smisso</strong></span> <span class='ocrx_word' id='word_1_482' title='bbox 384 3597 494 3654; x_wconf 91' lang='lat' dir='ltr'><strong>honore</strong></span> <span class='ocrx_word' id='word_1_483' title='bbox 504 3594 641 3652; x_wconf 85' lang='lat' dir='ltr'><strong>subirent.</strong></span> <span class='ocrx_word' id='word_1_484' title='bbox 964 3590 1109 3658; x_wconf 77' lang='lat' dir='ltr'><strong>aeclesia,</strong></span> <span class='ocrx_word' id='word_1_485' title='bbox 1126 3590 1238 3649; x_wconf 86' lang='lat' dir='ltr'><strong>distulit</strong></span> <span class='ocrx_word' id='word_1_486' title='bbox 1262 3593 1364 3657; x_wconf 90' lang='lat' dir='ltr'><strong>lacere,</strong></span> <span class='ocrx_word' id='word_1_487' title='bbox 1380 3600 1410 3649; x_wconf 92' lang='lat' dir='ltr'><strong>nt</strong></span> <span class='ocrx_word' id='word_1_488' title='bbox 1426 3610 1492 3651; x_wconf 91' lang='lat' dir='ltr'><strong>cum</strong></span> <span class='ocrx_word' id='word_1_489' title='bbox 1511 3602 1706 3668; x_wconf 88' lang='lat' dir='ltr'><strong>opportunum</strong></span> <span class='ocrx_word' id='word_1_490' title='bbox 1721 3605 1796 3655; x_wconf 91' lang='lat' dir='ltr'><strong>tem·</strong></span> 
     </span>
     <span class='ocr_line' id='line_1_39' title="bbox 278 3682 1793 3758; baseline 0.001 -13"><span class='ocrx_word' id='word_1_491' title='bbox 278 3689 314 3745; x_wconf 84' lang='lat' dir='ltr'><strong>ile</strong></span> <span class='ocrx_word' id='word_1_492' title='bbox 324 3686 479 3744; x_wconf 84' lang='lat' dir='ltr'><strong>redditione</strong></span> <span class='ocrx_word' id='word_1_493' title='bbox 489 3682 711 3758; x_wconf 72' lang='lat' dir='ltr'><strong>compostellani.</strong></span> <span class='ocrx_word' id='word_1_494' title='bbox 964 3697 1016 3754; x_wconf 87' lang='lat' dir='ltr'><strong>pus</strong></span> <span class='ocrx_word' id='word_1_495' title='bbox 1031 3682 1207 3751; x_wconf 85' lang='lat' dir='ltr'><strong>immineret,</strong></span> <span class='ocrx_word' id='word_1_496' title='bbox 1223 3682 1379 3740; x_wconf 89' lang='lat' dir='ltr'><strong>terribilem</strong></span> <span class='ocrx_word' id='word_1_497' title='bbox 1403 3684 1542 3743; x_wconf 88' lang='lat' dir='ltr'><strong>ultionem</strong></span> <span class='ocrx_word' id='word_1_498' title='bbox 1559 3688 1793 3746; x_wconf 83' lang='lat' dir='ltr'><strong>excommunica·</strong></span> 
     </span>
     <span class='ocr_line' id='line_1_40' title="bbox 120 3771 1793 3849; baseline -0.004 -11"><span class='ocrx_word' id='word_1_499' title='bbox 120 3780 184 3838; x_wconf 85' lang='lat' dir='ltr'><strong>Post</strong></span> <span class='ocrx_word' id='word_1_500' title='bbox 193 3779 253 3836; x_wconf 88' lang='lat' dir='ltr'><strong>haee</strong></span> <span class='ocrx_word' id='word_1_501' title='bbox 266 3776 420 3835; x_wconf 83' lang='lat' dir='ltr'><strong>cardinalis</strong></span> <span class='ocrx_word' id='word_1_502' title='bbox 430 3774 628 3849; x_wconf 88' lang='lat' dir='ltr'><strong>supplicando,</strong></span> <span class='ocrx_word' id='word_1_503' title='bbox 640 3777 670 3831; x_wconf 88' lang='lat' dir='ltr'><strong>et</strong></span> <span class='ocrx_word' id='word_1_504' title='bbox 679 3773 821 3831; x_wconf 85' lang='lat' dir='ltr'><strong>exorando</strong></span> <span class='ocrx_word' id='word_1_505' title='bbox 832 3789 907 3832; x_wconf 90' lang='lat' dir='ltr'><strong>seor·</strong></span> <span class='ocrx_word' id='word_1_506' title='bbox 962 3771 1050 3828; x_wconf 89' lang='lat' dir='ltr'><strong>tionis</strong></span> <span class='ocrx_word' id='word_1_507' title='bbox 1074 3775 1247 3830; x_wconf 86' lang='lat' dir='ltr'><strong>exerceret:</strong></span> <span class='ocrx_word' id='word_1_508' title='bbox 1276 3771 1384 3830; x_wconf 81' lang='lat' dir='ltr'><strong>Veritas</strong></span> <span class='ocrx_word' id='word_1_509' title='bbox 1409 3789 1543 3847; x_wconf 90' lang='lat' dir='ltr'><strong>namque,</strong></span> <span class='ocrx_word' id='word_1_510' title='bbox 1570 3781 1600 3832; x_wconf 90' lang='lat' dir='ltr'><strong>ut</strong></span> <span class='ocrx_word' id='word_1_511' title='bbox 1622 3775 1691 3834; x_wconf 90' lang='lat' dir='ltr'><strong>dicit</strong></span> <span class='ocrx_word' id='word_1_512' title='bbox 1714 3775 1793 3835; x_wconf 81' lang='lat' dir='ltr'><strong>Heri·</strong></span> 
     </span>
     <span class='ocr_line' id='line_1_41' title="bbox 86 3861 1795 3939; baseline -0.005 -10"><span class='ocrx_word' id='word_1_513' title='bbox 86 3861 905 3939; x_wconf 85' lang='lat' dir='ltr'><strong>sumallocutuscatachiepiseopurn,utquiomutbusad</strong></span> <span class='ocrx_word' id='word_1_514' title='bbox 961 3868 1055 3932; x_wconf 85' lang='lat' dir='ltr'><strong>ptura,</strong></span> <span class='ocrx_word' id='word_1_515' title='bbox 1085 3861 1260 3935; x_wconf 90' lang='lat' dir='ltr'><strong>quandoque</strong></span> <span class='ocrx_word' id='word_1_516' title='bbox 1295 3868 1338 3919; x_wconf 91' lang='lat' dir='ltr'><strong>est</strong></span> <span class='ocrx_word' id='word_1_517' title='bbox 1373 3862 1552 3931; x_wconf 83' lang='lat' dir='ltr'><strong>occultanda,</strong></span> <span class='ocrx_word' id='word_1_518' title='bbox 1594 3872 1624 3921; x_wconf 91' lang='lat' dir='ltr'><strong>ut</strong></span> <span class='ocrx_word' id='word_1_519' title='bbox 1664 3864 1795 3924; x_wconf 88' lang='lat' dir='ltr'><strong>uberiora</strong></span> 
     </span>
     <span class='ocr_line' id='line_1_42' title="bbox 85 3950 1789 4027; baseline -0.005 -8"><span class='ocrx_word' id='word_1_520' title='bbox 85 3976 117 4019; x_wconf 90' lang='lat' dir='ltr'><strong>se</strong></span> <span class='ocrx_word' id='word_1_521' title='bbox 132 3957 312 4019; x_wconf 78' lang='lat' dir='ltr'><strong>venientibus</strong></span> <span class='ocrx_word' id='word_1_522' title='bbox 335 3956 533 4015; x_wconf 87' lang='lat' dir='ltr'><strong>necessitatem</strong></span> <span class='ocrx_word' id='word_1_523' title='bbox 557 3952 728 4027; x_wconf 89' lang='lat' dir='ltr'><strong>patientibus</strong></span> <span class='ocrx_word' id='word_1_524' title='bbox 744 3968 906 4012; x_wconf 86' lang='lat' dir='ltr'><strong>consueve-</strong></span> <span class='ocrx_word' id='word_1_525' title='bbox 960 3957 1076 4022; x_wconf 87' lang='lat' dir='ltr'><strong>surgant</strong></span> <span class='ocrx_word' id='word_1_526' title='bbox 1103 3950 1231 4020; x_wconf 67' lang='lat' dir='ltr'><strong>seminar</strong></span> <span class='ocrx_word' id='word_1_527' title='bbox 1261 3966 1328 4008; x_wconf 90' lang='lat' dir='ltr'><strong>nam</strong></span> <span class='ocrx_word' id='word_1_528' title='bbox 1357 3954 1526 4024; x_wconf 84' lang='lat' dir='ltr'><strong>prepositus</strong></span> <span class='ocrx_word' id='word_1_529' title='bbox 1552 3956 1683 4012; x_wconf 82' lang='lat' dir='ltr'><strong>Damasci</strong></span> <span class='ocrx_word' id='word_1_530' title='bbox 1709 3954 1789 4011; x_wconf 86' lang='lat' dir='ltr'><strong>Pau·</strong></span> 
     </span>
     <span class='ocr_line' id='line_1_43' title="bbox 86 4039 1784 4122; baseline -0.004 -14"><span class='ocrx_word' id='word_1_531' title='bbox 86 4053 130 4109; x_wconf 86' lang='lat' dir='ltr'><strong>rat</strong></span> <span class='ocrx_word' id='word_1_532' title='bbox 145 4049 288 4122; x_wconf 69' lang='lat' dir='ltr'><strong>porrigere</strong></span> <span class='ocrx_word' id='word_1_533' title='bbox 302 4044 502 4115; x_wconf 89' lang='lat' dir='ltr'><strong>manam,sibi</strong></span> <span class='ocrx_word' id='word_1_534' title='bbox 517 4043 657 4115; x_wconf 87' lang='lat' dir='ltr'><strong>indigenti</strong></span> <span class='ocrx_word' id='word_1_535' title='bbox 680 4059 739 4101; x_wconf 92' lang='lat' dir='ltr'><strong>uon</strong></span> <span class='ocrx_word' id='word_1_536' title='bbox 754 4043 906 4116; x_wconf 89' lang='lat' dir='ltr'><strong>denegaret</strong></span> <span class='ocrx_word' id='word_1_537' title='bbox 961 4041 1021 4099; x_wconf 89' lang='lat' dir='ltr'><strong>ium</strong></span> <span class='ocrx_word' id='word_1_538' title='bbox 1048 4039 1277 4110; x_wconf 88' lang='lat' dir='ltr'><strong>comprehendit,</strong></span> <span class='ocrx_word' id='word_1_539' title='bbox 1302 4041 1351 4098; x_wconf 88' lang='lat' dir='ltr'><strong>scd</strong></span> <span class='ocrx_word' id='word_1_540' title='bbox 1387 4060 1404 4099; x_wconf 95' lang='lat' dir='ltr'><strong>a</strong></span> <span class='ocrx_word' id='word_1_541' title='bbox 1432 4042 1565 4100; x_wconf 88' lang='lat' dir='ltr'><strong>iratribus</strong></span> <span class='ocrx_word' id='word_1_542' title='bbox 1595 4059 1644 4115; x_wconf 92' lang='lat' dir='ltr'><strong>per</strong></span> <span class='ocrx_word' id='word_1_543' title='bbox 1670 4058 1784 4101; x_wconf 88' lang='lat' dir='ltr'><strong>murum</strong></span> 
     </span>
     <span class='ocr_line' id='line_1_44' title="bbox 83 4128 1783 4210; baseline -0.005 -12"><span class='ocrx_word' id='word_1_544' title='bbox 83 4139 233 4210; x_wconf 89' lang='lat' dir='ltr'><strong>auritium,</strong></span> <span class='ocrx_word' id='word_1_545' title='bbox 248 4144 275 4196; x_wconf 91' lang='lat' dir='ltr'><strong>et</strong></span> <span class='ocrx_word' id='word_1_546' title='bbox 288 4137 323 4194; x_wconf 91' lang='lat' dir='ltr'><strong>de</strong></span> <span class='ocrx_word' id='word_1_547' title='bbox 336 4135 499 4192; x_wconf 78' lang='lat' dir='ltr'><strong>dinitiarum</strong></span> <span class='ocrx_word' id='word_1_548' title='bbox 521 4132 651 4207; x_wconf 89' lang='lat' dir='ltr'><strong>largitate</strong></span> <span class='ocrx_word' id='word_1_549' title='bbox 664 4132 771 4205; x_wconf 90' lang='lat' dir='ltr'><strong>aliquid</strong></span> <span class='ocrx_word' id='word_1_550' title='bbox 795 4133 825 4190; x_wconf 92' lang='lat' dir='ltr'><strong>in</strong></span> <span class='ocrx_word' id='word_1_551' title='bbox 840 4148 904 4191; x_wconf 89' lang='lat' dir='ltr'><strong>eum</strong></span> <span class='ocrx_word' id='word_1_552' title='bbox 960 4132 991 4188; x_wconf 94' lang='lat' dir='ltr'><strong>in</strong></span> <span class='ocrx_word' id='word_1_553' title='bbox 1006 4139 1101 4203; x_wconf 88' lang='lat' dir='ltr'><strong>sporta</strong></span> <span class='ocrx_word' id='word_1_554' title='bbox 1115 4128 1275 4186; x_wconf 84' lang='lat' dir='ltr'><strong>submissas</strong></span> <span class='ocrx_word' id='word_1_555' title='bbox 1289 4131 1376 4188; x_wconf 82' lang='lat' dir='ltr'><strong>erasit</strong></span> <span class='ocrx_word' id='word_1_556' title='bbox 1391 4134 1425 4205; x_wconf 87' lang='lat' dir='ltr'><strong>(ti</strong></span> <span class='ocrx_word' id='word_1_557' title='bbox 1440 4132 1603 4206; x_wconf 85' lang='lat' dir='ltr'><strong>dor.x1),&#39;et</strong></span> <span class='ocrx_word' id='word_1_558' title='bbox 1618 4141 1648 4189; x_wconf 93' lang='lat' dir='ltr'><strong>nt</strong></span> <span class='ocrx_word' id='word_1_559' title='bbox 1661 4148 1783 4205; x_wconf 85' lang='lat' dir='ltr'><strong>evange-</strong></span> 
     </span>
     <span class='ocr_line' id='line_1_45' title="bbox 84 4220 1783 4297; baseline -0.005 -9"><span class='ocrx_word' id='word_1_560' title='bbox 84 4229 257 4297; x_wconf 85' lang='lat' dir='ltr'><strong>axteuderat,</strong></span> <span class='ocrx_word' id='word_1_561' title='bbox 273 4229 305 4284; x_wconf 84' lang='lat' dir='ltr'><strong>ut</strong></span> <span class='ocrx_word' id='word_1_562' title='bbox 319 4224 453 4297; x_wconf 71' lang='lat' dir='ltr'><strong>suffragio</strong></span> <span class='ocrx_word' id='word_1_563' title='bbox 477 4223 540 4296; x_wconf 79' lang='lat' dir='ltr'><strong>cius</strong></span> <span class='ocrx_word' id='word_1_564' title='bbox 559 4223 678 4281; x_wconf 87' lang='lat' dir='ltr'><strong>honeste</strong></span> <span class='ocrx_word' id='word_1_565' title='bbox 692 4221 723 4280; x_wconf 94' lang='lat' dir='ltr'><strong>iu</strong></span> <span class='ocrx_word' id='word_1_566' title='bbox 748 4225 904 4281; x_wconf 84' lang='lat' dir='ltr'><strong>Romanam</strong></span> <span class='ocrx_word' id='word_1_567' title='bbox 961 4221 1027 4279; x_wconf 88' lang='lat' dir='ltr'><strong>iista</strong></span> <span class='ocrx_word' id='word_1_568' title='bbox 1042 4227 1173 4279; x_wconf 88' lang='lat' dir='ltr'><strong>testatur:</strong></span> <span class='ocrx_word' id='word_1_569' title='bbox 1192 4220 1297 4278; x_wconf 85' lang='lat' dir='ltr'><strong>Videas</strong></span> <span class='ocrx_word' id='word_1_570' title='bbox 1323 4223 1404 4279; x_wconf 85' lang='lat' dir='ltr'><strong>iesus</strong></span> <span class='ocrx_word' id='word_1_571' title='bbox 1425 4222 1592 4280; x_wconf 77' lang='lat' dir='ltr'><strong>iudeorum</strong></span> <span class='ocrx_word' id='word_1_572' title='bbox 1615 4223 1713 4282; x_wconf 90' lang='lat' dir='ltr'><strong>turbas</strong></span> <span class='ocrx_word' id='word_1_573' title='bbox 1733 4224 1783 4281; x_wconf 91' lang='lat' dir='ltr'><strong>ad·</strong></span> 
     </span>
     <span class='ocr_line' id='line_1_46' title="bbox 83 4310 1787 4382; baseline -0.006 -4"><span class='ocrx_word' id='word_1_574' title='bbox 83 4316 193 4379; x_wconf 88' lang='lat' dir='ltr'><strong>curiam</strong></span> <span class='ocrx_word' id='word_1_575' title='bbox 208 4314 321 4372; x_wconf 90' lang='lat' dir='ltr'><strong>rediret.</strong></span> <span class='ocrx_word' id='word_1_576' title='bbox 332 4314 413 4371; x_wconf 80' lang='lat' dir='ltr'><strong>Tunc</strong></span> <span class='ocrx_word' id='word_1_577' title='bbox 425 4314 460 4369; x_wconf 91' lang='lat' dir='ltr'><strong>ad</strong></span> <span class='ocrx_word' id='word_1_578' title='bbox 474 4317 608 4370; x_wconf 77' lang='lat' dir='ltr'><strong>Romanas</strong></span> <span class='ocrx_word' id='word_1_579' title='bbox 618 4310 752 4369; x_wconf 75' lang='lat' dir='ltr'><strong>Ecclesia</strong></span> <span class='ocrx_word' id='word_1_580' title='bbox 763 4311 906 4381; x_wconf 85' lang='lat' dir='ltr'><strong>decorant,</strong></span> <span class='ocrx_word' id='word_1_581' title='bbox 961 4326 1058 4368; x_wconf 82' lang='lat' dir='ltr'><strong>sersus</strong></span> <span class='ocrx_word' id='word_1_582' title='bbox 1073 4327 1103 4368; x_wconf 89' lang='lat' dir='ltr'><strong>sa</strong></span> <span class='ocrx_word' id='word_1_583' title='bbox 1125 4326 1175 4382; x_wconf 92' lang='lat' dir='ltr'><strong>pro</strong></span> <span class='ocrx_word' id='word_1_584' title='bbox 1191 4310 1308 4367; x_wconf 86' lang='lat' dir='ltr'><strong>raritate</strong></span> <span class='ocrx_word' id='word_1_585' title='bbox 1324 4318 1493 4380; x_wconf 85' lang='lat' dir='ltr'><strong>commotas,</strong></span> <span class='ocrx_word' id='word_1_586' title='bbox 1520 4311 1706 4380; x_wconf 88' lang='lat' dir='ltr'><strong>semetipsum</strong></span> <span class='ocrx_word' id='word_1_587' title='bbox 1720 4311 1787 4368; x_wconf 86' lang='lat' dir='ltr'><strong>abs·</strong></span> 
     </span>
     <span class='ocr_line' id='line_1_47' title="bbox 84 4398 1793 4478; baseline -0.005 -14"><span class='ocrx_word' id='word_1_588' title='bbox 84 4416 122 4478; x_wconf 85' lang='lat' dir='ltr'><strong>et,</strong></span> <span class='ocrx_word' id='word_1_589' title='bbox 137 4412 167 4464; x_wconf 93' lang='lat' dir='ltr'><strong>ut</strong></span> <span class='ocrx_word' id='word_1_590' title='bbox 182 4419 295 4476; x_wconf 87' lang='lat' dir='ltr'><strong>semper</strong></span> <span class='ocrx_word' id='word_1_591' title='bbox 309 4402 505 4473; x_wconf 81' lang='lat' dir='ltr'><strong>magnificaret</strong></span> <span class='ocrx_word' id='word_1_592' title='bbox 524 4400 780 4473; x_wconf 76' lang='lat' dir='ltr'><strong>compostellanam</strong></span> <span class='ocrx_word' id='word_1_593' title='bbox 796 4401 904 4469; x_wconf 88' lang='lat' dir='ltr'><strong>sedem,</strong></span> <span class='ocrx_word' id='word_1_594' title='bbox 958 4401 1067 4469; x_wconf 91' lang='lat' dir='ltr'><strong>condit,</strong></span> <span class='ocrx_word' id='word_1_595' title='bbox 1083 4406 1110 4457; x_wconf 90' lang='lat' dir='ltr'><strong>et</strong></span> <span class='ocrx_word' id='word_1_596' title='bbox 1134 4399 1274 4471; x_wconf 90' lang='lat' dir='ltr'><strong>atemplo</strong></span> <span class='ocrx_word' id='word_1_597' title='bbox 1301 4398 1388 4456; x_wconf 85' lang='lat' dir='ltr'><strong>exirit</strong></span> <span class='ocrx_word' id='word_1_598' title='bbox 1401 4399 1492 4474; x_wconf 77' lang='lat' dir='ltr'><strong>(donn.</strong></span> <span class='ocrx_word' id='word_1_599' title='bbox 1510 4399 1583 4472; x_wconf 86' lang='grc' dir='ltr'>ιιιι).</span> <span class='ocrx_word' id='word_1_600' title='bbox 1607 4399 1655 4457; x_wconf 86' lang='lat' dir='ltr'><strong>Sic</strong></span> <span class='ocrx_word' id='word_1_601' title='bbox 1679 4407 1704 4457; x_wconf 88' lang='lat' dir='ltr'><strong>et</strong></span> <span class='ocrx_word' id='word_1_602' title='bbox 1720 4417 1793 4473; x_wconf 89' lang='lat' dir='ltr'><strong>papa</strong></span> 
     </span>
     <span class='ocr_line' id='line_1_48' title="bbox 81 4475 1795 4568; baseline -0.005 -14"><span class='ocrx_word' id='word_1_603' title='bbox 81 4501 111 4556; x_wconf 90' lang='lat' dir='ltr'><strong>et</strong></span> <span class='ocrx_word' id='word_1_604' title='bbox 138 4495 207 4568; x_wconf 90' lang='lat' dir='ltr'><strong>quia</strong></span> <span class='ocrx_word' id='word_1_605' title='bbox 236 4507 385 4565; x_wconf 89' lang='lat' dir='ltr'><strong>uunquam</strong></span> <span class='ocrx_word' id='word_1_606' title='bbox 414 4490 536 4549; x_wconf 89' lang='lat' dir='ltr'><strong>cessarit</strong></span> <span class='ocrx_word' id='word_1_607' title='bbox 564 4506 582 4546; x_wconf 88' lang='grc' dir='ltr'><strong>ι</strong></span> <span class='ocrx_word' id='word_1_608' title='bbox 610 4488 749 4562; x_wconf 89' lang='lat' dir='ltr'><strong>targitatis</strong></span> <span class='ocrx_word' id='word_1_609' title='bbox 779 4489 915 4548; x_wconf 65' lang='lat' dir='ltr'><strong>bonitate,</strong></span> <span class='ocrx_word' id='word_1_610' title='bbox 931 4475 955 4542; x_wconf 81' lang='lat' dir='ltr'><strong>ll</strong></span> <span class='ocrx_word' id='word_1_611' title='bbox 971 4491 1002 4548; x_wconf 91' lang='lat' dir='ltr'><strong>in</strong></span> <span class='ocrx_word' id='word_1_612' title='bbox 1028 4488 1226 4564; x_wconf 84' lang='lat' dir='ltr'><strong>perseeutione</strong></span> <span class='ocrx_word' id='word_1_613' title='bbox 1249 4491 1384 4545; x_wconf 84' lang='lat' dir='ltr'><strong>Romana</strong></span> <span class='ocrx_word' id='word_1_614' title='bbox 1407 4488 1541 4548; x_wconf 79' lang='lat' dir='ltr'><strong>Ecclesiae</strong></span> <span class='ocrx_word' id='word_1_615' title='bbox 1564 4488 1795 4560; x_wconf 81' lang='lat' dir='ltr'><strong>recusaritiustu</strong></span> 
     </span>
     <span class='ocr_line' id='line_1_49' title="bbox 84 4577 1794 4657; baseline -0.005 -13"><span class='ocrx_word' id='word_1_616' title='bbox 84 4586 119 4644; x_wconf 87' lang='lat' dir='ltr'><strong>do</strong></span> <span class='ocrx_word' id='word_1_617' title='bbox 134 4582 249 4657; x_wconf 91' lang='lat' dir='ltr'><strong>proprio</strong></span> <span class='ocrx_word' id='word_1_618' title='bbox 276 4580 411 4639; x_wconf 88' lang='lat' dir='ltr'><strong>trecentis</strong></span> <span class='ocrx_word' id='word_1_619' title='bbox 435 4578 530 4638; x_wconf 88' lang='lat' dir='ltr'><strong>aureis</strong></span> <span class='ocrx_word' id='word_1_620' title='bbox 549 4578 723 4636; x_wconf 87' lang='lat' dir='ltr'><strong>cardinalem</strong></span> <span class='ocrx_word' id='word_1_621' title='bbox 745 4578 853 4650; x_wconf 85' lang='lat' dir='ltr'><strong>adjuvit</strong></span> <span class='ocrx_word' id='word_1_622' title='bbox 875 4593 909 4636; x_wconf 82' lang='lat' dir='ltr'><strong>ex</strong></span> <span class='ocrx_word' id='word_1_623' title='bbox 964 4581 1027 4638; x_wconf 90' lang='lat' dir='ltr'><strong>sine</strong></span> <span class='ocrx_word' id='word_1_624' title='bbox 1042 4580 1133 4637; x_wconf 86' lang='lat' dir='ltr'><strong>tractu</strong></span> <span class='ocrx_word' id='word_1_625' title='bbox 1148 4577 1520 4651; x_wconf 84' lang='lat' dir='ltr'><strong>excommunicare,ntpost</strong></span> <span class='ocrx_word' id='word_1_626' title='bbox 1534 4577 1566 4637; x_wconf 90' lang='lat' dir='ltr'><strong>iu</strong></span> <span class='ocrx_word' id='word_1_627' title='bbox 1581 4578 1794 4654; x_wconf 88' lang='lat' dir='ltr'><strong>tranquillitate</strong></span> 
     </span>
     <span class='ocr_line' id='line_1_50' title="bbox 83 4667 1788 4756; baseline -0.005 -22"><span class='ocrx_word' id='word_1_628' title='bbox 83 4675 284 4744; x_wconf 77' lang='lat' dir='ltr'><strong>charitats3at</strong></span> <span class='ocrx_word' id='word_1_629' title='bbox 298 4673 341 4730; x_wconf 91' lang='lat' dir='ltr'><strong>aic</strong></span> <span class='ocrx_word' id='word_1_630' title='bbox 368 4672 494 4744; x_wconf 87' lang='lat' dir='ltr'><strong>adjutus,</strong></span> <span class='ocrx_word' id='word_1_631' title='bbox 510 4676 536 4727; x_wconf 92' lang='lat' dir='ltr'><strong>et</strong></span> <span class='ocrx_word' id='word_1_632' title='bbox 561 4668 638 4726; x_wconf 88' lang='lat' dir='ltr'><strong>lilius</strong></span> <span class='ocrx_word' id='word_1_633' title='bbox 660 4684 694 4725; x_wconf 84' lang='lat' dir='ltr'><strong>ex</strong></span> <span class='ocrx_word' id='word_1_634' title='bbox 716 4668 869 4726; x_wconf 87' lang='lat' dir='ltr'><strong>dilectione</strong></span> <span class='ocrx_word' id='word_1_635' title='bbox 884 4675 912 4727; x_wconf 90' lang='lat' dir='ltr'><strong>et</strong></span> <span class='ocrx_word' id='word_1_636' title='bbox 962 4671 1067 4756; x_wconf 81' lang='lat' dir='ltr'><strong>justius</strong></span> <span class='ocrx_word' id='word_1_637' title='bbox 1107 4669 1202 4740; x_wconf 88' lang='lat' dir='ltr'><strong>posset</strong></span> <span class='ocrx_word' id='word_1_638' title='bbox 1246 4667 1575 4727; x_wconf 83' lang='lat' dir='ltr'><strong>excommunicationem</strong></span> <span class='ocrx_word' id='word_1_639' title='bbox 1614 4669 1788 4729; x_wconf 85' lang='lat' dir='ltr'><strong>fructuosam</strong></span> 
     </span>
     <span class='ocr_line' id='line_1_51' title="bbox 84 4757 1071 4839; baseline -0.012 -12"><span class='ocrx_word' id='word_1_640' title='bbox 84 4766 220 4839; x_wconf 86' lang='lat' dir='ltr'><strong>obsequio</strong></span> <span class='ocrx_word' id='word_1_641' title='bbox 248 4762 375 4822; x_wconf 85' lang='lat' dir='ltr'><strong>inclusa</strong></span> <span class='ocrx_word' id='word_1_642' title='bbox 398 4760 527 4833; x_wconf 88' lang='lat' dir='ltr'><strong>partibus</strong></span> <span class='ocrx_word' id='word_1_643' title='bbox 550 4758 694 4831; x_wconf 86' lang='lat' dir='ltr'><strong>Hispania</strong></span> <span class='ocrx_word' id='word_1_644' title='bbox 709 4757 834 4816; x_wconf 88' lang='lat' dir='ltr'><strong>recessit.</strong></span> <span class='ocrx_word' id='word_1_645' title='bbox 862 4757 912 4816; x_wconf 91' lang='lat' dir='ltr'><strong>His</strong></span> <span class='ocrx_word' id='word_1_646' title='bbox 964 4763 1071 4822; x_wconf 80' lang='lat' dir='ltr'><strong>tacere.</strong></span> 
     </span>
     <span class='ocr_line' id='line_1_52' title="bbox 87 4842 1799 4921; baseline -0.009 -6"><span class='ocrx_word' id='word_1_647' title='bbox 87 4853 224 4915; x_wconf 89' lang='lat' dir='ltr'><strong>omnibus</strong></span> <span class='ocrx_word' id='word_1_648' title='bbox 238 4852 277 4909; x_wconf 87' lang='lat' dir='ltr'><strong>ita</strong></span> <span class='ocrx_word' id='word_1_649' title='bbox 291 4851 431 4921; x_wconf 89' lang='lat' dir='ltr'><strong>decursis,</strong></span> <span class='ocrx_word' id='word_1_650' title='bbox 456 4856 484 4907; x_wconf 93' lang='lat' dir='ltr'><strong>et</strong></span> <span class='ocrx_word' id='word_1_651' title='bbox 498 4847 625 4907; x_wconf 88' lang='lat' dir='ltr'><strong>hostibus</strong></span> <span class='ocrx_word' id='word_1_652' title='bbox 650 4850 806 4921; x_wconf 88' lang='lat' dir='ltr'><strong>prostratis,</strong></span> <span class='ocrx_word' id='word_1_653' title='bbox 822 4856 849 4906; x_wconf 90' lang='lat' dir='ltr'><strong>et</strong></span> <span class='ocrx_word' id='word_1_654' title='bbox 863 4848 912 4921; x_wconf 91' lang='lat' dir='ltr'><strong>qui</strong></span> <span class='ocrx_word' id='word_1_655' title='bbox 1003 4849 1135 4907; x_wconf 79' lang='lat' dir='ltr'><strong>Haesnat</strong></span> <span class='ocrx_word' id='word_1_656' title='bbox 1150 4846 1244 4903; x_wconf 83' lang='lat' dir='ltr'><strong>littere</strong></span> <span class='ocrx_word' id='word_1_657' title='bbox 1264 4842 1465 4921; x_wconf 81' lang='lat' dir='ltr'><strong>Dominipnpe</strong></span> <span class='ocrx_word' id='word_1_658' title='bbox 1474 4845 1585 4907; x_wconf 76' lang='lat' dir='ltr'><strong>chorte</strong></span> <span class='ocrx_word' id='word_1_659' title='bbox 1608 4844 1644 4904; x_wconf 89' lang='lat' dir='ltr'><strong>cd</strong></span> <span class='ocrx_word' id='word_1_660' title='bbox 1658 4844 1799 4916; x_wconf 81' lang='lat' dir='ltr'><strong>archiepi-</strong></span> 
     </span>
     <span class='ocr_line' id='line_1_53' title="bbox 84 4938 1096 5013; baseline -0.008 -9"><span class='ocrx_word' id='word_1_661' title='bbox 84 4946 254 5005; x_wconf 88' lang='lat' dir='ltr'><strong>calcaneum</strong></span> <span class='ocrx_word' id='word_1_662' title='bbox 271 4944 422 4998; x_wconf 82' lang='lat' dir='ltr'><strong>erexerant</strong></span> <span class='ocrx_word' id='word_1_663' title='bbox 436 4939 579 5009; x_wconf 89' lang='lat' dir='ltr'><strong>oontrttis,</strong></span> <span class='ocrx_word' id='word_1_664' title='bbox 590 4954 647 4997; x_wconf 92' lang='lat' dir='ltr'><strong>cnu</strong></span> <span class='ocrx_word' id='word_1_665' title='bbox 658 4938 913 4998; x_wconf 89' lang='lat' dir='ltr'><strong>decoraethonore</strong></span> <span class='ocrx_word' id='word_1_666' title='bbox 973 4952 1096 5013; x_wconf 83' lang='lat' dir='ltr'><strong>scopam.</strong></span> 
     </span>
     <span class='ocr_line' id='line_1_54' title="bbox 86 5025 1464 5103; baseline -0.007 -10"><span class='ocrx_word' id='word_1_667' title='bbox 86 5041 114 5094; x_wconf 89' lang='lat' dir='ltr'><strong>et</strong></span> <span class='ocrx_word' id='word_1_668' title='bbox 127 5032 312 5090; x_wconf 89' lang='lat' dir='ltr'><strong>inimicorum</strong></span> <span class='ocrx_word' id='word_1_669' title='bbox 324 5027 551 5097; x_wconf 88' lang='lat' dir='ltr'><strong>conculcatione,</strong></span> <span class='ocrx_word' id='word_1_670' title='bbox 562 5042 615 5086; x_wconf 92' lang='lat' dir='ltr'><strong>neo</strong></span> <span class='ocrx_word' id='word_1_671' title='bbox 627 5044 686 5087; x_wconf 90' lang='lat' dir='ltr'><strong>non</strong></span> <span class='ocrx_word' id='word_1_672' title='bbox 699 5045 803 5103; x_wconf 89' lang='lat' dir='ltr'><strong>pompa</strong></span> <span class='ocrx_word' id='word_1_673' title='bbox 813 5036 840 5086; x_wconf 91' lang='lat' dir='ltr'><strong>et</strong></span> <span class='ocrx_word' id='word_1_674' title='bbox 851 5047 915 5087; x_wconf 90' lang='lat' dir='ltr'><strong>ma·</strong></span> <span class='ocrx_word' id='word_1_675' title='bbox 1301 5025 1417 5085; x_wconf 77' lang='lat' dir='ltr'>CAPUT</span> <span class='ocrx_word' id='word_1_676' title='bbox 1431 5026 1464 5083; x_wconf 84' lang='lat' dir='ltr'><strong>L.</strong></span> 
     </span>
     <span class='ocr_line' id='line_1_55' title="bbox 87 5115 1493 5197; baseline -0.007 -16"><span class='ocrx_word' id='word_1_677' title='bbox 87 5120 192 5197; x_wconf 84' lang='lat' dir='ltr'><strong>gnifica</strong></span> <span class='ocrx_word' id='word_1_678' title='bbox 207 5119 298 5191; x_wconf 86' lang='lat' dir='ltr'><strong>gioria</strong></span> <span class='ocrx_word' id='word_1_679' title='bbox 312 5115 545 5191; x_wconf 85' lang='lat' dir='ltr'><strong>archiepiscopus</strong></span> <span class='ocrx_word' id='word_1_680' title='bbox 560 5116 591 5174; x_wconf 91' lang='lat' dir='ltr'><strong>iu</strong></span> <span class='ocrx_word' id='word_1_681' title='bbox 606 5117 701 5175; x_wconf 88' lang='lat' dir='ltr'><strong>sedem</strong></span> <span class='ocrx_word' id='word_1_682' title='bbox 717 5134 797 5176; x_wconf 90' lang='lat' dir='ltr'><strong>snam</strong></span> <span class='ocrx_word' id='word_1_683' title='bbox 821 5119 915 5178; x_wconf 87' lang='lat' dir='ltr'><strong>ieiici·</strong></span> <span class='ocrx_word' id='word_1_684' title='bbox 1005 5140 1020 5170; x_wconf 79' lang='lat' dir='ltr'><strong>a</strong></span> <span class='ocrx_word' id='word_1_685' title='bbox 1030 5116 1218 5175; x_wconf 87' lang='lat' dir='ltr'><strong>Innocentius</strong></span> <span class='ocrx_word' id='word_1_686' title='bbox 1233 5115 1397 5189; x_wconf 87' lang='lat' dir='ltr'><strong>episcopus,</strong></span> <span class='ocrx_word' id='word_1_687' title='bbox 1409 5137 1423 5165; x_wconf 90' lang='grc' dir='ltr'><strong>ιι</strong></span> <span class='ocrx_word' id='word_1_688' title='bbox 1438 5121 1493 5172; x_wconf 88' lang='grc' dir='ltr'>ιιι.</span> 
     </span>
     <span class='ocr_line' id='line_1_56' title="bbox 88 5200 1797 5273; baseline -0.007 -3"><span class='ocrx_word' id='word_1_689' title='bbox 88 5219 129 5270; x_wconf 89' lang='grc' dir='ltr'><strong>ιιι</strong></span> <span class='ocrx_word' id='word_1_690' title='bbox 143 5207 291 5269; x_wconf 84' lang='lat' dir='ltr'><strong>remearit.</strong></span> <span class='ocrx_word' id='word_1_691' title='bbox 1007 5229 1022 5261; x_wconf 72' lang='grc' dir='ltr'><strong>(ι</strong></span> <span class='ocrx_word' id='word_1_692' title='bbox 1038 5205 1177 5265; x_wconf 89' lang='lat' dir='ltr'><strong>Universa</strong></span> <span class='ocrx_word' id='word_1_693' title='bbox 1189 5208 1321 5265; x_wconf 82' lang='lat' dir='ltr'><strong>Romana</strong></span> <span class='ocrx_word' id='word_1_694' title='bbox 1334 5203 1423 5273; x_wconf 86' lang='lat' dir='ltr'><strong>curia,</strong></span> <span class='ocrx_word' id='word_1_695' title='bbox 1439 5223 1454 5254; x_wconf 89' lang='grc' dir='ltr'><strong>ιι</strong></span> <span class='ocrx_word' id='word_1_696' title='bbox 1474 5207 1527 5260; x_wconf 87' lang='grc' dir='ltr'>ιιι.</span> <span class='ocrx_word' id='word_1_697' title='bbox 1547 5200 1610 5260; x_wconf 83' lang='lat' dir='ltr'><strong>Vide</strong></span> <span class='ocrx_word' id='word_1_698' title='bbox 1620 5202 1651 5258; x_wconf 82' lang='lat' dir='ltr'><strong>io</strong></span> <span class='ocrx_word' id='word_1_699' title='bbox 1665 5201 1797 5261; x_wconf 75' lang='lat' dir='ltr'><strong>taenea·</strong></span> 
     </span>
     <span class='ocr_line' id='line_1_57' title="bbox 370 5294 1262 5370; baseline -0.003 -15"><span class='ocrx_word' id='word_1_700' title='bbox 370 5299 408 5357; x_wconf 86' lang='lat' dir='ltr'><strong>ile</strong></span> <span class='ocrx_word' id='word_1_701' title='bbox 419 5294 631 5355; x_wconf 82' lang='lat' dir='ltr'><strong>consecratione.</strong></span> <span class='ocrx_word' id='word_1_702' title='bbox 972 5297 1010 5356; x_wconf 90' lang='lat' dir='ltr'><strong>tio</strong></span> <span class='ocrx_word' id='word_1_703' title='bbox 1020 5298 1058 5370; x_wconf 86' lang='lat' dir='ltr'><strong>rt,</strong></span> <span class='ocrx_word' id='word_1_704' title='bbox 1073 5294 1108 5354; x_wconf 89' lang='lat' dir='ltr'><strong>nd</strong></span> <span class='ocrx_word' id='word_1_705' title='bbox 1118 5312 1167 5353; x_wconf 87' lang='lat' dir='ltr'><strong>en.</strong></span> <span class='ocrx_word' id='word_1_706' title='bbox 1184 5295 1262 5352; x_wconf 81' lang='lat' dir='ltr'><strong>tato.</strong></span> 
     </span>
     <span class='ocr_line' id='line_1_58' title="bbox 121 5381 1800 5463; baseline -0.002 -16"><span class='ocrx_word' id='word_1_707' title='bbox 121 5388 194 5447; x_wconf 87' lang='lat' dir='ltr'><strong>cnm</strong></span> <span class='ocrx_word' id='word_1_708' title='bbox 207 5394 304 5447; x_wconf 89' lang='lat' dir='ltr'><strong>antem</strong></span> <span class='ocrx_word' id='word_1_709' title='bbox 319 5388 448 5463; x_wconf 83' lang='lat' dir='ltr'><strong>sguodus</strong></span> <span class='ocrx_word' id='word_1_710' title='bbox 462 5384 663 5456; x_wconf 88' lang='lat' dir='ltr'><strong>celebraretur,</strong></span> <span class='ocrx_word' id='word_1_711' title='bbox 680 5384 814 5442; x_wconf 86' lang='lat' dir='ltr'><strong>canonici</strong></span> <span class='ocrx_word' id='word_1_712' title='bbox 833 5386 917 5444; x_wconf 80' lang='lat' dir='ltr'><strong>Sara·</strong></span> <span class='ocrx_word' id='word_1_713' title='bbox 1008 5392 1061 5446; x_wconf 75' lang='lat' dir='ltr'><strong>Hm</strong></span> <span class='ocrx_word' id='word_1_714' title='bbox 1076 5390 1141 5445; x_wconf 83' lang='lat' dir='ltr'><strong>sent</strong></span> <span class='ocrx_word' id='word_1_715' title='bbox 1156 5384 1256 5443; x_wconf 79' lang='lat' dir='ltr'><strong>littere</strong></span> <span class='ocrx_word' id='word_1_716' title='bbox 1270 5382 1430 5459; x_wconf 71' lang='lat' dir='ltr'><strong>macellarii</strong></span> <span class='ocrx_word' id='word_1_717' title='bbox 1441 5386 1469 5440; x_wconf 85' lang='lat' dir='ltr'><strong>el</strong></span> <span class='ocrx_word' id='word_1_718' title='bbox 1482 5381 1639 5441; x_wconf 75' lang='lat' dir='ltr'><strong>caederetis</strong></span> <span class='ocrx_word' id='word_1_719' title='bbox 1650 5381 1800 5443; x_wconf 73' lang='lat' dir='ltr'><strong>cat-arcta·-</strong></span> 
     </span>
     <span class='ocr_line' id='line_1_59' title="bbox 85 5473 1261 5555; baseline -0.003 -18"><span class='ocrx_word' id='word_1_720' title='bbox 85 5480 215 5555; x_wconf 85' lang='lat' dir='ltr'><strong>gooensis</strong></span> <span class='ocrx_word' id='word_1_721' title='bbox 232 5477 385 5548; x_wconf 77' lang='lat' dir='ltr'><strong>deciesiae,</strong></span> <span class='ocrx_word' id='word_1_722' title='bbox 399 5476 449 5551; x_wconf 84' lang='lat' dir='ltr'><strong>qai</strong></span> <span class='ocrx_word' id='word_1_723' title='bbox 473 5476 585 5534; x_wconf 77' lang='lat' dir='ltr'><strong>merant</strong></span> <span class='ocrx_word' id='word_1_724' title='bbox 612 5473 706 5534; x_wconf 90' lang='lat' dir='ltr'><strong>orbati</strong></span> <span class='ocrx_word' id='word_1_725' title='bbox 721 5489 773 5533; x_wconf 92' lang='lat' dir='ltr'><strong>sno</strong></span> <span class='ocrx_word' id='word_1_726' title='bbox 795 5479 917 5549; x_wconf 82' lang='lat' dir='ltr'><strong>pastore,</strong></span> <span class='ocrx_word' id='word_1_727' title='bbox 970 5478 1133 5554; x_wconf 80' lang='lat' dir='ltr'><strong>episcopum</strong></span> <span class='ocrx_word' id='word_1_728' title='bbox 1146 5478 1261 5534; x_wconf 81' lang='lat' dir='ltr'><strong>mlssae:</strong></span> 
     </span>
     <span class='ocr_line' id='line_1_60' title="bbox 86 5561 1803 5650; baseline -0.007 -18"><span class='ocrx_word' id='word_1_729' title='bbox 86 5570 287 5650; x_wconf 87' lang='lat' dir='ltr'><strong>supplicantes</strong></span> <span class='ocrx_word' id='word_1_730' title='bbox 300 5584 366 5630; x_wconf 88' lang='lat' dir='ltr'><strong>cum</strong></span> <span class='ocrx_word' id='word_1_731' title='bbox 394 5568 484 5629; x_wconf 87' lang='lat' dir='ltr'><strong>eleeto</strong></span> <span class='ocrx_word' id='word_1_732' title='bbox 511 5582 605 5628; x_wconf 85' lang='lat' dir='ltr'><strong>corana</strong></span> <span class='ocrx_word' id='word_1_733' title='bbox 633 5565 769 5627; x_wconf 87' lang='lat' dir='ltr'><strong>cardinali</strong></span> <span class='ocrx_word' id='word_1_734' title='bbox 785 5566 921 5628; x_wconf 76' lang='lat' dir='ltr'><strong>Romana</strong></span> <span class='ocrx_word' id='word_1_735' title='bbox 1008 5590 1024 5620; x_wconf 79' lang='lat' dir='ltr'><strong>a</strong></span> <span class='ocrx_word' id='word_1_736' title='bbox 1039 5561 1803 5637; x_wconf 72' lang='lat' dir='ltr'><strong>charissimot’atrtetamlcnDiosco,compostetiaao</strong></span> 
     </span>
    </p>
   </div>
   <div class='ocr_carea' id='block_1_5' title="bbox 245 5682 1638 5758">
    <p class='ocr_par' dir='ltr' id='par_1_5' title="bbox 245 5682 1638 5758">
     <span class='ocr_line' id='line_1_61' title="bbox 245 5682 1638 5758; baseline -0.006 -4"><span class='ocrx_word' id='word_1_737' title='bbox 245 5689 379 5758; x_wconf 77' lang='lat' dir='ltr'><strong>Pataui..</strong></span> <span class='ocrx_word' id='word_1_738' title='bbox 402 5687 518 5753; x_wconf 84' lang='lat' dir='ltr'><strong>utxx.</strong></span> <span class='ocrx_word' id='word_1_739' title='bbox 952 5736 955 5741; x_wconf 55' lang='grc'>,</span> <span class='ocrx_word' id='word_1_740' title='bbox 1597 5682 1638 5745; x_wconf 67' lang='lat' dir='ltr'><strong>bi</strong></span> 
     </span>
    </p>
   </div>
   <div class='ocr_carea' id='block_1_6' title="bbox 0 0 1980 6034">
    <p class='ocr_par' dir='ltr' id='par_1_6' title="bbox 0 0 1980 6034">
     <span class='ocr_line' id='line_1_62' title="bbox 0 0 1980 6034; baseline 0 3"><span class='ocrx_word' id='word_1_741' title='bbox 0 0 1980 6034; x_wconf 95' lang='lat' dir='ltr'><strong> </strong></span> 
     </span>
    </p>
   </div>
  </div>
 </body>
</html>
