3950 6034
108 335 180 401 filibv
406 343 611 410 danastro
634 345 683 409 DE
704 347 899 411 controv.
924 347 1050 410 INTER
1070 350 1279 413 HBttMANN.
1304 354 1353 417 ΕΤ
1377 352 1536 416 EGINON.
1758 357 1817 417 eta

108 473 222 542 sedatas,
242 491 304 530 cum
319 481 378 547 post
393 480 540 546 paululum
561 497 643 553 quom
667 484 732 538 utili
754 483 936 550 circumferar
952 486 977 550 Α
993 486 1334 553 quatuorprredietorum
1349 492 1520 560 rnartyrurn,
1535 487 1625 543 simut
1636 504 1703 543 cum
1715 494 1818 546 sancta

109 566 439 634 nepotioor'denristttec
450 570 536 625 nobis
546 573 745 637 audientibus,
756 578 937 644 cunctosque
991 572 1108 645 lli-laria
1124 590 1277 643 passorum
1294 577 1479 632 testivitatem
1495 578 1552 631 suh
1568 594 1624 632 una
1638 578 1686 632 dis
1708 580 1816 634 nibilo-

108 667 161 721 pro
177 653 287 708 viribus
303 659 338 709 ab
353 671 386 710 eo
402 657 451 728 qai
469 659 594 714 mendax
609 662 646 714 ab
663 660 745 716 initio
758 661 848 730 (iona.
862 666 936 724 vrtt).
991 662 1203 719 minusetatuit
1215 665 1356 721 venerari.
1370 664 1428 721 Nec
1439 665 1468 719 in
1481 665 1531 720 tait
1542 667 1814 735 fraudaturstudio,

109 742 204 798 luerat
216 747 426 813 evertentibus,
442 763 509 802 ecce
523 757 705 804 cruentatum
721 743 937 822 militemquasi
989 751 1060 806 dum
1083 753 1296 822 pretiosissimo
1321 760 1526 809 remuneratur
1548 754 1697 825 thesauro,
1722 756 1817 828 cupite

107 830 397 903 exacietugientsrn
420 852 472 906 per
496 840 626 893 medium
657 839 757 911 populi
786 855 936 896 cernimus
990 841 1248 913 scilicetejusdem
1266 843 1617 915 martyrisflytarieitlis
1640 844 1744 900 diebus
1768 847 1814 901 in·

108 919 334 990 discurrentem,
347 931 434 995 atque
445 927 545 981 urbem
557 928 595 982 ab
606 926 739 984 hostibus
752 934 865 1000 captam
879 936 936 985 ter-

108 1008 187 1065 ribili
203 1008 332 1067 clamore
347 1014 547 1081 nuntiantem;
572 1014 679 1072 flebitis
699 1019 833 1074 omnium
858 1019 935 1074 voci·

107 1098 221 1165 teratio,
252 1100 524 1174 nultctugientinm
550 1106 738 1176 exspectatio,
763 1109 866 1164 domus
885 1107 935 1164 Dei

108 1188 224 1261 asylum
241 1190 303 1246 fleri
320 1206 407 1262 posse
421 1192 604 1264 desperatur,
620 1196 691 1250 dum
705 1202 734 1251 st
748 1197 860 1253 inerms
873 1197 935 1252 vut-

107 1297 164 1353 gus
180 1281 371 1351 egreditur,a
396 1286 578 1342 suburbanis
602 1305 684 1344 arma
708 1291 872 1359 rapiuntur,
898 1291 934 1345 ed

107 1370 203 1427 locutn
220 1373 391 1428 certaminis
407 1382 588 1446 properatur,
605 1377 634 1431 in
650 1394 819 1451 sequarque
835 1386 934 1445 ruunt,

107 1477 161 1516 nec
178 1461 290 1516 hostem
313 1466 533 1534 quem.teriant
559 1466 722 1525 inveniunt.
747 1469 877 1524 Tandem
903 1470 933 1526 in

107 1565 138 1607 se
169 1552 287 1620 reversi,
314 1554 428 1608 Satanae
459 1556 583 1612 insidias
621 1567 810 1629 cognoscunt,
846 1576 933 1615 men·

107 1640 213 1697 closum
229 1643 351 1697 militem
369 1646 523 1715 requirunt
536 1647 585 1702 sed
600 1665 682 1719 ceper
695 1666 735 1716 re,
748 1656 780 1704 ut
790 1657 859 1720 puta
870 1667 934 1705 eva·

108 1738 246 1789 nescente
261 1734 477 1804 phantasmatis
496 1736 762 1808 transfiguratione,
774 1748 933 1810 nequeunt,

990 935 1088 985 vento.

1025 1016 1082 1074 XV.
1106 1020 1177 1076 Lites
1198 1019 1307 1075 oblmis
1333 1035 1397 1077 cum
1419 1024 1552 1093 episcopo.
1577 1052 1614 1063 -
1640 1021 1698 1078 Sed
1725 1021 1816 1079 totius

989 1105 1129 1162 bonitatis
1157 1108 1354 1179 adversarius,
1386 1107 1475 1166 veluti
1513 1110 1583 1182 (cop.
1624 1111 1657 1182 ι),
1698 1111 1814 1167 Patrem

988 1196 1090 1263 tatum,
1106 1212 1164 1252 non
1181 1196 1273 1269 gratis
1289 1197 1381 1253 Deum
1404 1196 1499 1254 colere
1524 1206 1614 1269 ratus,
1632 1199 1742 1272 quippe
1762 1201 1815 1271 qui

988 1287 1135 1357 prosperis
1152 1287 1297 1344 rabustel
1314 1289 1474 1344 honoribus
1496 1288 1535 1345 sit
1560 1290 1812 1360 circumvallatus,

988 1389 1021 1429 ac
1038 1390 1089 1443 pro
1101 1374 1310 1432 nihiloducans
1320 1377 1513 1432 exterioribus
1523 1393 1589 1433 eum
1601 1377 1717 1448 privari,
1727 1379 1813 1450 quasi

988 1479 1105 1519 carnem
1120 1468 1186 1535 ejus
1196 1470 1224 1519 et
1234 1482 1301 1520 ossa
1313 1466 1461 1522 desiderat
1471 1465 1609 1536 flagellari
1619 1467 1689 1522 dum
1702 1483 1733 1523 ee
1744 1483 1812 1524 cum

986 1551 1128 1607 iratribus
1143 1554 1218 1617 suis,
1233 1559 1373 1625 tanquam
1390 1570 1503 1610 carnem
1516 1555 1631 1611 ossibus
1641 1572 1692 1627 per
1718 1556 1814 1611 cordis

986 1642 1030 1696 vet
1046 1645 1150 1696 errimae
1169 1642 1313 1698 unitatem
1338 1645 1567 1708 adherentibus,
1595 1643 1630 1700 ab
1661 1646 1725 1715 ipso
1751 1647 1814 1699 loeo

987 1731 1174 1785 machinatur
1187 1732 1555 1802 proturbare,quibusdam
1568 1749 1602 1788 ex
1615 1734 1686 1803 ipsis
1698 1732 1815 1802 longius

108 1837 175 1892 quae
189 1820 290 1877 illusio
305 1839 484 1895 quamquam
501 1841 535 1880 ex
550 1828 635 1896 cujus
650 1828 789 1883 acciderit
814 1839 933 1900 pearata
949 1848 972 1912 B
987 1836 1043 1875 ase
1055 1821 1190 1890 passibus
1200 1820 1263 1875 vitae
1285 1822 1510 1886 rentotra,sicoti
1525 1821 1553 1875 in
1574 1821 1705 1877 convivio
1716 1825 1816 1893 volup·

109 1911 249 1978 nescilur,
259 1917 355 1967 tarnen
368 1914 482 1985 quoties
492 1913 527 1970 ed
539 1916 715 1971 audiendum
728 1918 846 1973 verbum
859 1918 933 1971 drvi·

109 2017 179 2057 num
204 2017 427 2073 congregamur,
451 2019 488 2058 ue
511 2003 653 2060 aliorsum
678 2004 879 2073 intendamus,
902 2007 933 2063 in

109 2105 266 2146 commune
281 2107 333 2162 per
349 2090 402 2146 hoc
420 2094 527 2149 tactum
539 2091 736 2150 exhortamur.

145 2178 209 2235 ΧΗ.
226 2180 284 2234 Far
297 2195 346 2250 per
360 2178 494 2234 visionem
509 2181 699 2251 cleteoitur.·-
709 2180 861 2254 Presbyter
871 2182 933 2254 qui·

110 2267 932 2341 damnoniaeLuipoldusejusdemecelcsieedituuspam

110 2357 192 2413 senio
204 2357 495 2414 conlectusmoritur.
506 2357 556 2415 Per
566 2361 651 2429 eujus
662 2362 844 2431 sepulturam
856 2361 932 2417 altus

108 2463 124 2502 e
138 2447 234 2501 vicino
248 2448 384 2502 sacerdos
400 2449 568 2503 det'unotum
585 2448 640 2504 eibi
652 2450 749 2504 videre
760 2451 873 2505 videtur
884 2468 933 2520 per

109 2553 258 2604 somnum,
271 2538 354 2609 quasi
367 2543 499 2593 catenam
511 2543 692 2595 amoventem
703 2539 833 2612 quinque
850 2540 931 2596 cirbi-

988 1911 1057 1965 tatis
1070 1925 1134 1979 igne
1144 1910 1338 1982 consumptis.
1351 1910 1482 1980 Ergohie
1493 1912 1542 1980 qui
1555 1928 1662 1966 nomen
1675 1913 1814 1983 pastoris.

987 2013 1077 2068 super
1092 1996 1165 2053 ovito
1180 1997 1312 2068 ejusdem
1329 2004 1408 2054 tanat
1422 1999 1559 2065 civitatis¹
1576 2000 1716 2056 adversus
1743 2016 1811 2055 euin

987 2085 1152 2151 concitavit,
1169 2086 1242 2141 adeo
1257 2093 1290 2141 ut
1303 2086 1353 2158 qui
1369 2087 1525 2142 detondere
1546 2102 1664 2158 gregem
1689 2105 1707 2144 a
1732 2104 1812 2144 mer·

986 2174 1070 2230 sibus
1087 2175 1222 2245 luporum
1238 2173 1348 2242 debuit,
1365 2192 1421 2230 non
1437 2180 1467 2231 nt
1478 2176 1811 2246 mercenariustugeret,

986 2268 1036 2321 sed
1054 2266 1115 2336 ipse
1131 2267 1217 2336 lupos
1232 2265 1362 2329 effaetus,
1374 2281 1441 2321 ores
1453 2273 1578 2336 raperet.
1590 2267 1812 2340 laetareturque

986 2356 1174 2427 dispergeret.
1194 2354 1286 2423 Cujus
1303 2362 1401 2411 tamen
1417 2356 1629 2425 persecutionis
1646 2372 1735 2412 causa
1755 2357 1811 2430 ipsi

985 2461 1122 2516 episcopo
1138 2443 1326 2499 interdictum
1344 2445 1381 2500 ah
1395 2445 1555 2513 apostoliea
1566 2443 1635 2500 seda
1646 2445 1812 2516 pontificale

985 2533 1812 2603 exstititottlcinrmcucillcabutenteubbasnostertantae

108 2629 217 2681 torum.
243 2625 334 2688 Quam
363 2642 486 2682 narrans
509 2625 650 2682 visionem
681 2628 836 2684 consitium
866 2630 930 2698 luit,
986 2622 1309 2693 notuitpraesumptioni
1327 2623 1556 2679 cornmunicare.
1576 2623 1721 2681 litantem
1743 2624 1812 2681 tinia

108 2730 225 2770 omnem
241 2712 350 2770 mortui
365 2716 605 2785 perscrutandam
618 2718 676 2769 tore
687 2716 931 2787 suppellectilem,
986 2714 1122 2786 hujusrei
1135 2712 1477 2786 lucidiussubsequstur,
1487 2714 1811 2789 initiumqooquestplo

107 2820 143 2860 ne
158 2803 229 2875 quid
243 2805 360 2859 tartede
370 2803 458 2859 rebus
470 2803 603 2860 Ecclesia
626 2805 734 2862 ibidem
759 2808 932 2880 contigisset
985 2804 1101 2862 cautius
1117 2804 1267 2873 digerente
1289 2808 1478 2875 proponatur.

107 2892 232 2950 latitare.
250 2897 340 2949 Domo
355 2908 422 2958 argo
438 2908 634 2960 eremmanos
652 2910 686 2950 ex
714 2896 825 2966 optima
850 2911 932 2969 repe·
1020 2892 1091 2950 rtvt.
1102 2891 1227 2962 Episcopi
1239 2892 1533 2961 acoenonoetus.
1554 2923 1589 2935 -
1601 2893 1694 2949 toste
1704 2909 1812 2950 memo

108 2983 184 3038 ritur
199 2997 339 3053 purpura,
351 2997 415 3053 que
425 2983 751 3054 exsomniicoojectura
762 2993 931 3042 mensurata
986 2982 1037 3038 rire
1051 2980 1168 3038 Urbano
1184 2997 1259 3053 papa
1272 2985 1372 3037 ttcmm
1386 2981 1573 3053 presidente,
1588 2983 1672 3038 sedes
1695 2988 1811 3054 Augus·

108 3075 197 3126 tantae
211 3070 531 3140 exstitittongitudinis.
545 3074 932 3143 quantecatenavisionisa
985 3074 1079 3127 tensis
1100 3072 1223 3127 vacabat
1247 3068 1392 3127 Ecclesiae.
1418 3069 1539 3126 Proetato
1565 3076 1663 3127 autem
1687 3075 1810 3144 tyranno

108 3158 248 3215 iratribus
262 3159 413 3215 confestim
424 3160 649 3231 recognoscitur,
660 3161 835 3219 investieris
847 3180 930 3236 repo·
988 3161 1112 3217 Henrioo
1128 3163 1303 3231 imperatore
1317 3161 1394 3231 apud
1410 3159 1555 3216 Veronam
1571 3165 1644 3217 tunc
1669 3163 1810 3234 temporis

111 3250 201 3305 nitur.
951 3222 974 3286 c
990 3261 1132 3318 morante,
1149 3252 1257 3323 qnippe
1268 3251 1392 3324 dudelli)
1405 3250 1811 3323 MathitdeprohibenteLon·

144 3337 222 3395 xttt.
239 3338 380 3393 Eonnesett
398 3338 548 3395 mutier.—
560 3339 637 3395 Duos
651 3340 756 3397 calices
780 3348 932 3408 argenteos
985 3343 1157 3413 goberdiam
1176 3357 1232 3397 non
1250 3340 1349 3396 valens
1364 3341 1475 3400 inaredi
1493 3356 1546 3397 nec
1562 3340 1675 3396 ltaliam
1687 3343 1810 3398 obsten-

107 3444 176 3484 cum
193 3434 309 3500 patenas
323 3436 454 3499 quartam
468 3433 581 3486 iuratur
595 3433 780 3502 paupercula,
792 3434 842 3488 sod
856 3433 931 3489 tores
984 3432 1062 3488 tibus
1072 3430 1241 3487 Teutonrois
1252 3430 1435 3501 principibus
1446 3432 1543 3502 egredi
1557 3454 1565 3496 t
1578 3432 1699 3503 quidam
1712 3447 1811 3489 eomes

109 3518 929 3592 Ecclesiaenoavalensegredi,notaproditursacritegii;
985 3521 1104 3576 nomina
1126 3518 1299 3574 oudalricus
1326 3519 1473 3583 tyrannidi
1497 3536 1556 3576 sue
1582 3529 1809 3589 consentaneus,

108 3605 797 3678 capiturmiserrime,redditoturtotrahiturad
817 3606 931 3679 suppli·
985 3609 1088 3663 videns
1102 3623 1170 3663 eum
1194 3606 1260 3662 hinc
1288 3607 1357 3661 inde
1387 3608 1502 3672 magnis
1520 3611 1626 3676 jactari
1653 3611 1810 3682 angustiis,

108 3697 166 3751 cia.
183 3697 237 3750 Sed
255 3712 318 3767 que
340 3701 462 3752 onerate
488 3696 620 3760 ariadne,
644 3696 698 3750 etsi
722 3695 846 3761 occulto,
875 3712 932 3752 non
985 3701 1112 3768 acceptis
1128 3702 1231 3750 mutuo
1247 3693 1416 3766 quingentis
1430 3711 1447 3749 a
1460 3694 1680 3754 Veronensibus
1693 3698 1812 3755 talentis

110 3781 365 3855 potuitetlogere3
382 3794 537 3840 exonerate
552 3799 658 3841 manus
676 3785 769 3840 evasit
789 3790 933 3842 tortorum
985 3803 1037 3859 pro
1051 3787 1219 3857 episcopatu
1242 3781 1420 3854 augustensi
1446 3783 1526 3839 tratri
1553 3800 1606 3840 suc
1632 3787 1728 3841 dando
1754 3785 1810 3842 sibi

109 3872 168 3927 Deo
184 3877 331 3944 parcente.
343 3872 487 3930 Omnibus
501 3875 610 3946 quippe
625 3874 727 3930 adhoc
742 3875 859 3931 crudele
871 3892 933 3931 tur·
983 3875 1100 3931 obtulit.
1119 3874 1283 3943 insaporet
1298 3873 1470 3927 comitatum
1487 3870 1660 3928 Teutonicas
1680 3873 1808 3929 adeundi

109 3962 244 4018 rentibus
259 3962 467 4034 spectaculum,
484 3980 546 4036 que
562 3964 703 4036 puniatur
717 3964 869 4037 quaeritur,
880 3966 930 4021 sed
984 3971 1082 4035 partes
1098 3961 1241 4036 promisit,
1257 3961 1334 4033 quod
1350 3959 1439 4016 etiem
1465 3959 1612 4032 persolvit
1640 3960 1698 4018 Hoc
1723 3967 1808 4033 pacto

108 4051 159 4108 diu
176 4054 299 4123 quesite
314 4069 370 4108 neu
387 4052 545 4109 invenitur.
984 4055 1087 4110 luscus
1103 4055 1192 4109 trater
1203 4051 1319 4107 comitis
1329 4049 1497 4113 adducitur,
1512 4065 1563 4105 nec
1573 4061 1639 4107 ante
1649 4052 1686 4107 ab
1697 4067 1810 4108 ercom-

146 4140 218 4196 XlV.
234 4143 322 4197 Variae
333 4143 506 4214 retracta-
518 4141 626 4210 Gloria,
636 4142 767 4212 inquam,
779 4144 879 4214 nrajori
891 4143 932 4199 ei·
983 4143 1129 4199 manicata
1144 4141 1218 4198 laice
1230 4156 1318 4196 manu
1334 4138 1500 4205 investitur,
1512 4155 1600 4212 qoam
1613 4147 1808 4197 memoratum

109 4246 234 4303 gnarum
253 4230 296 4286 vel
308 4231 515 4287 miraculorum
527 4233 622 4287 serrati
635 4233 724 4289 nostri
736 4232 932 4301 illustrantur,
985 4233 1099 4306 pondus
1116 4230 1228 4300 argenti
1245 4229 1456 4284 Veronensibus
1469 4229 1810 4301 persolverajuramento

110 4321 932 4390 majorietiamsturtiosubistcpntrenostrovenerantur.
984 4319 1203 4386 constringitur.
1231 4318 1278 4371 Sic
1306 4316 1429 4372 militurn
1456 4332 1543 4372 manu
1571 4317 1688 4389 copiosa
1713 4334 1811 4376 comes

110 4408 933 4482 Utenimteneamusttotonie....(t*)extenderimalitibus
985 4409 1114 4480 stipatus
1131 4413 1248 4462 tratrem
1266 4421 1322 4461 non
1339 4406 1404 4460 dieo
1429 4404 1562 4471 stratam,
1586 4408 1635 4462 sed
1661 4422 1713 4462 neo
1738 4407 1811 4463 tacte

110 4499 271 4570 virginum,
284 4498 379 4554 atbint
391 4514 507 4571 queque
519 4513 663 4571 martyris,
673 4507 841 4555 sanctorum
855 4501 931 4556 Vau-
985 4507 1085 4553 notum
1098 4494 1811 4566 invexitaugustensibuscogantetamenarmatae

110 4605 224 4655 rorum,
234 4604 286 4644 nec
298 4605 354 4644 non
368 4588 474 4645 multae
485 4594 729 4646 comessatorum
738 4592 932 4662 undecunque
947 4583 969 4647 ὓ
987 4603 1091 4643 manus
1102 4594 1216 4650 timore,
1229 4586 1260 4638 ct
1269 4583 1425 4653 epiecopus
1437 4585 1768 4658 excipitur,ditigontius
1781 4594 1812 4643 ut

113 4677 253 4749 reliquias
264 4678 550 4750 acquisisse,quibus
562 4685 719 4750 augustam
734 4679 838 4746 stlatis,
850 4696 932 4736 eano-

111 4772 160 4823 tos
174 4766 247 4824 inibi
261 4767 402 4823 hactenus
418 4768 553 4825 latentes.
567 4767 701 4823 videlieet
712 4767 881 4841 Dionysium
894 4768 934 4843 (2)

113 4857 242 4930 primum
259 4860 391 4929 ejusdem
412 4859 538 4914 civitatis
559 4859 742 4931 episcopum,
766 4859 934 4923 Quirianum

114 4964 182 5005 rum
199 4948 287 5004 soriis
302 4949 366 5004 suis
381 4949 480 5018 viginti
492 4949 803 5019 quatuormsrtpribus
814 4951 934 5005 demum

110 5040 174 5110 jern
186 5038 381 5111 reperiuntur,
389 5042 529 5111 tanquam
542 5038 614 5092 hene
625 5037 936 5106 notisrivrbus,assur·

114 5128 236 5185 recisse.
266 5127 327 5189 His.
354 5127 484 5198 inquam.
506 5126 594 5182 veluti
620 5128 702 5183 novis
731 5130 936 5199 pretermissis

113 5218 311 5273 inventionem
323 5216 411 5271 beata
423 5219 495 5271 Atre
505 5216 624 5286 antiqua
637 5218 694 5284 iam
709 5233 781 5288 pene
791 5218 936 5273 oblivione

113 5306 264 5374 abolitam,
282 5305 452 5361 solemniter
475 5306 627 5360 constitnit
651 5304 809 5373 celebrari;
835 5305 937 5376 viginti

151 5448 204 5522 (Ρ)
221 5450 322 5506 btirare
338 5449 385 5504 hic
398 5446 532 5504 undecim
550 5444 626 5501 mille
639 5444 763 5524 virgines
784 5443 936 5505 celebrari.

114 5525 338 5665 BA&laesimus
364 5594 427 5648 erat
455 5591 545 5645 trater
567 5587 694 5655 Hilaris,
723 5589 826 5645 metris
850 5588 936 5658 Atre,

116 5659 938 5739 enjusnomanimmutatumdumhaptiaaretur,etappcl

988 4678 1167 4746 agnoscetur
1180 4671 1347 4742 inspicitur,
1372 4671 1513 4741 paulatim
1539 4689 1647 4731 cacum
1667 4690 1699 4731 es
1726 4691 1811 4732 exce·

990 4765 1067 4838 pisse
1080 4765 1213 4835 Augusta
1229 4761 1362 4817 miratur.
1373 4761 1467 4817 1nhoc
1477 4762 1652 4836 completam
1662 4781 1728 4822 ease
1741 4766 1812 4822 Pro·

990 4855 1083 4926 phetae
1113 4849 1350 4907 maledictionem
1375 4851 1406 4906 in
1435 4867 1592 4909 commune
1617 4852 1811 4911 lamentatur:

990 4943 1185 5007 discerentur,
1196 4940 1304 5010 inquit,
1315 4939 1389 4995 ocuti
1400 4954 1506 5006 eorum,
1523 4957 1558 4997 ne
1571 4942 1694 5008 uideant,
1708 4947 1735 4998 et
1748 4941 1812 4998 dor·

988 5050 1049 5090 tam
1063 5025 1158 5088 eoram
1172 5044 1280 5099 semper
1291 5042 1405 5083 incuruo
1414 5029 1499 5099 (Ptol.
1516 5033 1622 5101 savrra).
1634 5039 1723 5090 utrem
1732 5030 1812 5086 enim

991 5140 1042 5194 pro
1052 5120 1199 5175 corilosrbi
1208 5124 1241 5172 aa
1251 5115 1378 5172 saltitem
1392 5118 1614 5190 prospicientem
1622 5123 1815 5187 susceperant

990 5212 1076 5282 (Rom.
1106 5208 1149 5280 n),
1178 5210 1255 5261 bunc
1283 5207 1423 5261 exteriore
1448 5217 1476 5260 st
1512 5208 1648 5261 interiore
1684 5205 1815 5262 recitate

993 5311 1105 5365 natum,
1122 5315 1157 5354 ert
1177 5296 1257 5352 dorsi
1282 5296 1490 5362 incurvatione,
1516 5299 1544 5349 td
1569 5302 1623 5360 est,
1649 5312 1684 5351 ex
1707 5301 1816 5353 suimet

992 5448 1070 5504 latus
1085 5447 1130 5498 est
1144 5438 1310 5510 Dionysius.
1327 5440 1402 5505 Quot
1418 5438 1523 5493 latratas
1538 5437 1573 5493 de
1584 5437 1619 5494 iis
1636 5440 1817 5496 narrantur?

994 5518 1148 5589 Dionysius
1163 5528 1242 5567 eorm
1257 5518 1285 5564 et
1301 5515 1370 5565 et'ra
1383 5515 1546 5581 Augustam
1568 5526 1719 5583 nunquam
1733 5528 1819 5570 vene·

993 5596 1072 5648 runt.
1090 5586 1173 5641 Basa.

1029 5660 1068 5734 (3)
1082 5663 1137 5713 Pro
1152 5652 1281 5719 dominu,
1297 5665 1349 5708 sau
1365 5650 1471 5711 domne
