3950 6034
96 336 158 397 429

760 336 899 399 PASSlO
919 336 955 397 B.
979 335 1136 398 sitienti.

1746 343 1806 407 reo

94 468 371 542 Christiani,etpro
386 484 451 526 raro
466 469 597 542 dogmata
629 470 750 527 oriendo
774 470 840 527 iacti
861 469 930 525 iuis·
945 471 970 537 Α
986 469 1063 527 circa
1091 487 1121 527 se
1150 468 1288 541 populum
1320 471 1547 530 Christianorum
1581 474 1808 550 lacrymantem:

97 558 925 631 sentalorlosiJaeratnamquedomestiausbostis,utpote

98 647 278 705 Christianus
292 647 494 719 ficlus‚auippe
508 648 555 720 qui
572 660 703 706 metuens
717 647 923 714 constantem,

98 739 176 797 20⁰
187 740 254 811 qaia
268 753 372 810 genere
386 739 530 810 proximos
540 740 698 813 tyrannidis
712 740 866 796 tormidine
877 755 924 809 pa·

95 828 332 894 rimabat,lonsus
345 845 458 900 quoque
473 828 670 886 monachicam
687 830 867 886 simulaverat
881 828 922 883 ri·

91 925 192 988 tam,et
204 919 291 975 lector
301 918 424 974 sociatas
436 918 649 983 eboro,diriaos
661 919 776 976 codices
788 919 817 974 iu
830 918 924 975 eccle·

91 1005 134 1062 sia
154 1006 261 1076 popolo
275 1005 408 1062 audiente
424 1005 537 1075 legerat.
553 1005 652 1061 Sciens
663 1021 729 1076 erga
743 1014 770 1061 et
786 1005 923 1060 insidiam

94 1095 205 1151 babens
218 1094 445 1151 Christianorum
461 1094 557 1160 alans
569 1111 586 1151 a
600 1095 750 1151 tormentis
774 1094 922 1160 abstinuit,

89 1184 231 1255 judicans
250 1198 314 1240 esee
342 1185 533 1240 necessarium
561 1191 589 1238 ut
619 1199 750 1240 sannone
770 1185 867 1255 partius
894 1186 923 1239 et

90 1274 290 1331 admonitione
304 1274 339 1328 ad
355 1272 544 1344 pearrnitatsm
558 1273 707 1329 colendam
737 1274 841 1344 populo
856 1288 920 1327 sua·

88 1366 181 1435 tieret,
197 1364 415 1421 etiamcredeus
432 1362 500 1420 binc
517 1380 548 1420 se
560 1371 723 1421 monstrare
738 1362 921 1426 clamentem,

87 1458 137 1514 Sic
151 1456 231 1512 anim
247 1455 360 1524 putabat
372 1455 466 1523 potius
479 1454 605 1512 roborari
632 1455 834 1524 paganitatem,
852 1452 876 1508 si
891 1468 921 1510 se

88 1546 245 1619 patientem
260 1559 294 1600 ac
308 1544 405 1600 mitem
430 1543 590 1600 christiano
605 1543 708 1614 papula
726 1543 921 1599 demonstras·

980 559 1094 627 naneae,
1110 559 1176 629 perr,
1192 559 1333 632 sacram,
1349 563 1498 633 noeros,
1513 557 1806 641 aaaropotraaaua',

977 647 1017 704 ita
1028 648 1134 706 laetum
1150 656 1202 705 ast.

1014 738 1047 793 in
1062 744 1141 794 tanto
1155 738 1255 810 spiritu
1272 739 1405 811 procella
1421 742 1565 813 tantisque
1582 744 1713 802 ttuctibus
1727 761 1806 804 cam·

978 826 1162 894 prehenditur
1178 843 1261 884 serus
1280 826 1383 886 Christi
1406 829 1499 888 ottltor
1514 839 1630 888 sanctus
1658 834 1798 904 lilipbius.

976 916 1333 986 Comprehenderautaam
1347 920 1440 992 prima
1449 920 1646 993 perudituaai
1655 924 1806 995 malaracti

976 1005 1103 1074 paganis,
1115 1014 1142 1061 et
1171 1006 1349 1063 recluserunt
1376 1024 1441 1068 cum
1471 1008 1580 1078 multis,
1600 1010 1710 1069 scilicet
1737 1028 1804 1070 cum

974 1092 1094 1166 triginta
1122 1094 1214 1151 tribue
1241 1096 1310 1166 viris
1339 1097 1517 1164 Christianis,
1548 1110 1662 1172 propter
1695 1117 1802 1162 nomeu

974 1181 1133 1239 salvatoris
1149 1185 1239 1241 nostri
1248 1185 1312 1242 iesu
1329 1186 1432 1243 Christi
1447 1181 1547 1248 mdem
1564 1192 1805 1249 carceraconclu·

974 1271 1025 1327 sis.
1042 1271 1140 1328 Divina
1151 1281 1246 1330 autem
1258 1280 1361 1344 agente
1376 1276 1552 1346 providentia
1568 1271 1803 1351 noctapatclacta

973 1375 1087 1417 carcere
1101 1370 1217 1418 sauctus
1232 1363 1372 1433 Elipbius,
1395 1380 1451 1420 uua
1474 1381 1540 1423 cum
1563 1367 1622 1424 illis
1642 1368 1802 1439 jamdictis

974 1450 1091 1519 triplari
1118 1450 1208 1508 tribus
1228 1451 1410 1522 Christianis,
1435 1470 1546 1513 carcero
1570 1473 1712 1530 agressus,
1729 1461 1800 1519 Leu-

972 1540 1067 1605 cbam‚
1086 1539 1165 1597 idest
1185 1541 1348 1597 Tutiensem
1363 1542 1507 1614 ingressus
1521 1553 1562 1603 est
1578 1545 1686 1616 urbam,
1702 1548 1742 1606 ibi
1752 1551 1801 1612 de·

87 1643 149 1702 set;
162 1650 261 1692 rarum
277 1632 331 1689 sub
346 1633 399 1688 bna
414 1632 596 1688 simulatione
618 1631 823 1702 philosophice
839 1646 922 1686 man·
972 1629 1100 1685 iunctam
1113 1645 1192 1688 suam
1214 1632 1374 1687 secundum
1389 1648 1506 1690 carnem
1532 1636 1699 1705 genitricem
1715 1653 1796 1709 sepe·

94 1723 269 1790 suetudinis,
286 1722 370 1790 caJus
400 1721 512 1778 laudern
529 1721 617 1778 airnis
631 1721 784 1784 ambiebat,
800 1736 858 1777 aon
872 1720 921 1776 diu
973 1718 1114 1802 liciaque
1143 1718 1240 1775 debuit
1267 1718 1571 1787 succinasurarnam
1599 1724 1802 1797 buncimpen·

90 1832 124 1873 se
138 1815 295 1873 crudelitas
309 1814 391 1884 impii
408 1815 498 1883 potuit
515 1812 829 1870 continereduierebat
844 1812 920 1866 enirn
936 1807 960 1874 B
974 1808 1045 1862 dens
1059 1807 1205 1863 horrorem.
1223 1807 1265 1863 ibi
1282 1825 1396 1880 quoqne
1420 1811 1494 1867 sicut
1515 1817 1543 1868 et
1567 1814 1597 1869 in
1621 1815 1730 1871 ceteris
1744 1831 1802 1873 non

91 1906 217 1963 subinde
248 1903 432 1972 precepisset
460 1909 626 1959 ornamenta
654 1919 742 1968 sacra,
756 1900 919 1971 templaque

89 1996 145 2054 sub
160 1994 349 2051 Constantina
372 2000 400 2049 et
414 1992 581 2049 causamn
597 1992 713 2048 lundata
728 1991 917 2047 destrueban-

90 2093 150 2152 tur,
172 2084 301 2153 dataque
314 2083 349 2137 ad
362 2081 480 2137 aedificia
498 2081 625 2151 pecunie
646 2096 743 2136 rursus
765 2078 917 2146 exigeban-

92 2184 148 2230 tur.
165 2177 226 2228 flac
241 2170 392 2228 occasione
407 2175 578 2238 sacerdotes,
593 2180 620 2225 et
635 2169 732 2226 clerici
752 2179 780 2225 ct
795 2168 918 2240 populus

88 2264 271 2320 Christianus
285 2260 437 2318 crudeliter
451 2260 635 2316 vexabantur.
657 2259 765 2315 Omnes
793 2272 918 2330 namque

88 2352 297 2426 possessiones,
312 2355 398 2422 atque
415 2350 550 2420 pecunias
564 2349 759 2414 ecclesiarum,
775 2363 841 2405 curn
856 2362 916 2404 rer·

88 2443 205 2500 boribus
220 2442 370 2512 exquirens
383 2445 417 2495 ait
432 2439 558 2494 mortium
571 2437 689 2508 jubebat
702 2436 918 2493 adscribenda

92 2533 225 2590 scribens
240 2545 351 2602 quaque
366 2531 400 2585 ad
417 2529 586 2599 templorum
599 2527 746 2600 pontifices
761 2534 787 2582 ct
802 2526 917 2596 proria-

90 2623 201 2680 ciaram
221 2621 354 2692 presides
369 2617 578 2685 manilestabat,
594 2625 621 2672 et
635 2633 698 2687 erga
725 2618 916 2687 paganitatem

87 2719 228 2786 quantum
245 2710 384 2775 studium,
400 2715 426 2763 ei
442 2723 508 2778 arga
527 2705 767 2763 christianitatem
780 2713 916 2776 quantum

88 2800 209 2858 baberet
237 2799 345 2856 odiam.
377 2798 456 2854 Unde
481 2804 507 2852 et
534 2795 692 2852 libertatem
713 2795 832 2865 gentiles
860 2810 917 2849 sue

88 2891 212 2949 vesanias
229 2889 317 2954 nacti,
340 2887 493 2942 vindictam
511 2885 662 2958 exigebant
690 2901 707 2939 a
735 2883 916 2953 Christianis,

89 2977 237 3049 quereiam
254 2975 390 3031 babentes
417 2974 552 3028 aduersae
567 2988 615 3029 eos
637 2976 753 3043 propter
776 2969 917 3027 idolorum

89 3073 116 3122 et
132 3065 306 3134 templorum
323 3061 453 3133 injurias,
469 3077 531 3131 que
543 3063 683 3116 desuacra
712 3068 792 3116 erant
807 3068 914 3128 ternpo-

972 1897 1075 1952 surdus
1103 1896 1215 1951 auditor
1243 1897 1313 1962 lepis
1339 1898 1477 1955 dicentis:
1508 1905 1620 1957 lionoris
1642 1909 1751 1974 patrem
1774 1908 1801 1960 et

971 1989 1091 2042 matrem
1107 1994 1135 2040 ut
1145 1987 1182 2040 sis
1194 1985 1426 2058 mnpaeaassapsr
1442 1997 1644 2059 rossemanum
1664 1992 1799 2050 Dominus

971 2074 1043 2130 Deos
1058 2080 1122 2129 laur
1134 2074 1248 2129 dotores
1271 2076 1375 2132 esttibi
1390 2076 1485 2146 (deod.
1502 2083 1560 2149 xi).
1577 2079 1693 2152 Expleta
1713 2082 1799 2154 igitur

973 2162 1028 2218 bac
1049 2163 1149 2218 debite
1162 2164 1274 2232 pictatis
1298 2163 1444 2236 obsequio,
1456 2181 1553 2223 rursus
1568 2165 1674 2225 athleta
1690 2169 1798 2242 Cbrisip

973 2253 1129 2310 noneolurn
1143 2270 1160 2309 a
1174 2252 1290 2319 iudeis,
1306 2263 1390 2326 atque
1405 2255 1543 2313 militibus
1559 2258 1792 2330 paganissimum

972 2343 1057 2400 etiarn
1080 2341 1115 2396 ab
1144 2341 1215 2413 ipsis
1238 2344 1359 2400 summis
1377 2347 1463 2415 atque
1491 2346 1700 2416 principalibus
1727 2349 1794 2406 vitis

972 2432 1161 2503 quaerebatur,
1182 2440 1212 2487 ut
1227 2441 1275 2488 aut
1298 2433 1436 2504 impietati
1459 2438 1642 2507 consentiret,
1668 2447 1717 2496 aut
1735 2455 1794 2496 nou

971 2522 1156 2578 consentiens
1171 2528 1290 2578 mortem
1305 2522 1422 2580 subiret.

1008 2617 1072 2675 Non
1086 2618 1137 2675 abs
1152 2634 1182 2674 re
1197 2620 1332 2690 queritur
1347 2621 1461 2692 qualem
1478 2637 1529 2693 per
1551 2626 1731 2683 occasionem
1746 2627 1797 2684 lu-

972 2707 1025 2763 dai
1039 2716 1106 2763 tana
1122 2708 1258 2779 temporis
1274 2708 1468 2767 vehementius
1482 2719 1567 2784 atque
1578 2714 1725 2783 procacius
1736 2730 1798 2772 sese

972 2799 1178 2868 impenderint,
1205 2802 1256 2855 nat
1284 2799 1449 2870 impendere
1478 2803 1626 2873 potuerint
1653 2805 1796 2875 ejusmodi

972 2887 1144 2953 actionibus,
1163 2887 1202 2943 ita
1217 2894 1246 2942 ui
1261 2896 1288 2945 et
1314 2887 1343 2944 in
1358 2888 1444 2944 istum
1460 2888 1564 2947 Christi
1589 2898 1753 2967 martyrem,
1768 2902 1797 2952 ct

972 2978 1003 3033 in
1038 2975 1142 3032 multos
1164 2975 1246 3045 alios,
1277 2993 1349 3047 pene
1375 2979 1445 3048 ipsis
1471 2980 1635 3038 crudelibus
1677 2984 1795 3053 papante

972 3064 1161 3138 promptiores
1187 3073 1271 3137 atque
1292 3067 1442 3123 erectiores
1472 3068 1558 3125 tuisse
1586 3069 1727 3139 legantur.
1752 3073 1795 3130 Ad

90 3154 171 3211 ribus
192 3151 350 3208 Constantii
379 3158 406 3206 et
433 3150 734 3221 constantiniitaqua
766 3148 917 3204 innumera
936 3156 1048 3244 equod
1079 3155 1549 3226 respondendum,quialulianus
1573 3161 1796 3233 impiusimpios

88 3243 215 3301 inomni
244 3248 358 3298 terraet
389 3239 511 3296 mnriab
532 3239 629 3310 impiis
658 3249 757 3295 contra
781 3239 841 3309 pins
868 3239 917 3294 illo

88 3343 215 3407 tempore
230 3340 297 3390 suut
323 3332 486 3396 commissa,
502 3347 569 3388 cum
597 3339 692 3401 aperte
723 3330 781 3387 Deo
805 3330 919 3385 odibilis

89 3428 246 3496 imperator
274 3429 374 3479 cantra
400 3421 533 3493 pietatem
562 3420 638 3490 leges
676 3428 791 3490 poneret
826 3420 918 3475 lavore

92 3515 227 3574 sallellas
256 3512 424 3585 pontiilcum
450 3518 534 3583 atque
558 3510 724 3582 presidum,
741 3509 919 3580 maximeque

93 3604 202 3661 iuliani
230 3601 365 3658 avunculi
382 3601 425 3656 sui
441 3602 471 3656 in
494 3600 654 3672 paganitate
678 3597 769 3654 deroti
784 3605 810 3653 ct
831 3597 917 3654 Cbri·

93 3696 202 3751 stianos
217 3693 304 3748 nimis
317 3691 449 3751 odientis.

127 3785 192 3841 Tali
220 3790 316 3842 vento,
342 3789 401 3838 lam
430 3778 523 3835 valido
546 3786 658 3851 tamque
682 3779 833 3844 contrario,
851 3785 918 3835 tem·

91 3879 304 3948 pestasexorta,
315 3871 452 3927 nimirum
469 3870 541 3925 sicut
555 3870 584 3925 ia
613 3869 691 3926 omui
708 3875 790 3934 terra,
808 3876 837 3925 ut
857 3869 917 3938 jam

90 3966 202 4021 dictum
217 3970 270 4025 cst,
286 3963 324 4017 ita
336 3968 362 4017 et
378 3960 408 4015 in
430 3958 530 4014 Galliis
553 3966 652 4014 contra
676 3956 850 4013 Christianos
865 3960 917 4012 de·

90 4053 249 4118 tenebrabat
264 4059 368 4107 sauctae
380 4047 513 4105 Ecclesia
528 4046 751 4117 caricula,quasi
768 4047 797 4102 in
823 4046 916 4101 medio

89 4143 162 4200 mari
175 4139 289 4212 jactatis
304 4138 449 4204 fluctibus,
465 4136 573 4193 auxilia
601 4134 762 4191 divinitatis
784 4135 916 4191 destituta

88 4248 152 4290 esse
166 4229 334 4288 ridebatur:
349 4225 588 4299 quemadmodum
600 4224 731 4280 Julianus
739 4224 796 4294 iarn
809 4223 915 4291 dictus,

88 4321 319 4391 bajnsapostate
334 4315 442 4372 iuliani
467 4314 625 4370 avunculus
644 4321 726 4386 atque
756 4312 915 4383 prefectus,

86 4409 231 4468 insultans
246 4411 275 4463 et
285 4407 464 4478 impudenter
479 4415 577 4461 contra
595 4419 707 4459 sacrum
721 4403 811 4458 altare
839 4401 917 4457 min-

974 3244 1039 3301 illos
1066 3246 1164 3311 erevit,
1180 3245 1296 3301 illorum
1325 3249 1408 3301 listas
1433 3254 1628 3306 extumescere
1644 3249 1721 3317 lecit,
1738 3251 1796 3308 illis

972 3349 1052 3388 arma
1065 3334 1200 3404 porrexit,
1216 3331 1280 3390 illos
1296 3348 1359 3390 esse
1374 3335 1458 3390 tortos
1486 3339 1514 3392 et
1535 3336 1712 3394 conlidentes
1736 3338 1796 3397 lteri

973 3422 1118 3488 voluit,ea
1145 3422 1219 3491 quod
1243 3422 1330 3478 sciret
1359 3421 1423 3477 illos
1450 3424 1796 3492 potissimumacerrimos

973 3525 1037 3566 asse
1059 3510 1193 3566 inimicos
1221 3510 1346 3566 nominis
1374 3509 1487 3568 Christi.
1503 3512 1578 3570 Hinc
1606 3515 1798 3575 ecclesiastica

974 3605 1087 3654 narrat:

1007 3687 1148 3753 lulianus,
1162 3683 1266 3756 inquit,
1282 3686 1369 3741 etiarn
1392 3686 1501 3745 iudaeos
1515 3692 1614 3747 contra
1624 3691 1797 3752 christianos

971 3776 1279 3846 armauit,primamqae
1293 3790 1441 3831 corroocnns
1453 3777 1599 3848 reputent
1613 3795 1663 3834 aar
1672 3782 1711 3838 eis
1724 3799 1797 3853 prce·

970 3868 1088 3936 cipiente
1101 3865 1160 3933 ispe
1173 3863 1333 3932 sacrificare
1360 3880 1534 3938 nepaoqanm
1557 3866 1797 3929 immolationibus

971 3958 1127 4011 uterentur.
1152 3953 1272 4025 Compar
1295 3953 1498 4024 respondissent
1525 3972 1574 4013 aaa
1604 3959 1795 4016 tantammodo

972 4046 1030 4100 laco
1045 4044 1101 4100 sibi
1115 4042 1249 4115 altercasti
1261 4043 1435 4113 sacrificium
1447 4043 1534 4116 satire
1555 4061 1731 4118 permissam,
1747 4066 1794 4105 re·

970 4140 1050 4199 pente
1060 4132 1148 4201 jussit
1163 4130 1216 4185 lieo
1230 4129 1342 4186 odibilis
1354 4132 1523 4189 destructam
1546 4137 1711 4193 resuscitari
1724 4146 1795 4194 tem·

969 4217 1059 4292 ptam,
1076 4218 1199 4286 crederis,
1211 4219 1324 4290 infelix,
1341 4222 1514 4278 dominicam
1542 4229 1654 4281 verbam
1676 4242 1703 4283 se
1716 4243 1795 4298 posse

972 4312 1122 4379 destruere,
1145 4313 1224 4384 cujus
1251 4325 1300 4382 per
1327 4310 1377 4367 boc
1392 4315 1534 4370 ueritatem
1557 4317 1793 4386 mopsocrenen.

968 4405 1033 4461 ileo
1047 4405 1140 4475 nopae
1154 4402 1235 4459 aerbo
1247 4400 1341 4459 ladini
1355 4402 1472 4459 libenter
1497 4404 1673 4475 accipientes,
1688 4407 1795 4463 canatis

87 4515 171 4571 gens,
186 4498 292 4554 dixisse
322 4496 408 4550 lertur
436 4493 502 4564 quia
531 4491 629 4563 religio
655 4491 814 4548 Christiana
842 4496 916 4546 esset
968 4491 1271 4564 perdiuersnmorbsm
1287 4493 1648 4566 mandaveretndaee,pat
1672 4495 1795 4568 anrbpac

85 4588 186 4645 utrina
200 4585 392 4642 sollicitudine
407 4582 542 4638 desolata.
554 4581 608 4637 Sed
626 4596 719 4636 resera
734 4579 916 4636 invisibiliter
931 4557 955 4623 ὓ
968 4590 1160 4639 concorrentis
1170 4581 1303 4653 pecunias
1317 4579 1353 4636 nd
1366 4582 1523 4653 aedificium
1537 4585 1670 4640 ctocrder
1694 4585 1795 4657 offero

86 4676 243 4734 ambulans
268 4689 353 4744 super
381 4687 469 4743 aquas
495 4672 590 4727 aderat
618 4669 757 4725 Dominus
779 4672 873 4735 lesus,
888 4674 916 4724 et

87 4767 192 4823 Petrus
207 4778 286 4820 more
301 4777 352 4819 suo
365 4762 425 4832 ipse
447 4774 560 4832 quoque
580 4765 608 4814 ul
625 4758 733 4814 reniret
748 4758 781 4812 ad
801 4756 915 4825 lesum,

86 4869 179 4926 super
194 4869 281 4926 aquas
293 4850 484 4923 gradiebatur,
504 4853 569 4903 due
585 4848 771 4904 iidcssanctm
782 4846 916 4902 Ecclesiae

84 4944 218 5001 victoriis
233 4951 392 5013 martyram
407 4936 679 5003 coronacioninter
694 4951 764 5008 quas
783 4935 916 4993 isiacum

84 5033 239 5091 Germanis
252 5031 311 5101 jam
327 5027 413 5085 dictis
427 5027 515 5083 victor
529 5024 628 5082 claruit
646 5033 763 5082 sanctus
776 5023 916 5095 illipbius.

84 5122 228 5188 Proiecto,
245 5120 299 5178 nisi
312 5116 451 5176 Dominus
464 5117 546 5172 lesus
562 5114 713 5172 breviasset
725 5116 787 5172 diae
802 5114 917 5185 tyranni

84 5213 313 5285 bajus,optaret
339 5207 459 5278 implere
489 5206 564 5275 qaod
594 5203 784 5261 comminatus
815 5205 915 5275 iuerat,

82 5303 156 5376 qais
172 5315 262 5372 acque
277 5298 370 5369 capita
386 5312 436 5353 sua
450 5294 582 5352 Galilaeae
608 5294 711 5351 babere
742 5294 918 5366 permitteret

81 5394 140 5463 (sic
159 5391 236 5446 enirn
252 5389 289 5446 ab
304 5388 475 5444 derisionem
492 5385 645 5442 saltatoris
675 5385 764 5441 nostri
793 5383 916 5442 caltores

82 5480 276 5538 denominare
300 5474 431 5548 solebat),
447 5476 494 5532 sed
516 5475 579 5545 lam
593 5484 662 5530 tuac
676 5482 790 5544 propter
807 5473 916 5531 electas

85 5569 236 5630 Dominus
251 5567 385 5625 breviarii
399 5565 469 5636 dies,
482 5571 510 5619 et
536 5564 610 5622 sicut
623 5564 695 5622 dixit
711 5563 809 5620 beatus
824 5563 915 5619 stha-

80 5660 195 5726 aasius,
222 5659 291 5716 dam
314 5656 350 5713 ab
374 5655 426 5712 illo
452 5656 601 5726 cogeretur
624 5653 660 5710 ad
690 5653 798 5727 tagam,
814 5653 912 5712 rideas

969 4672 1044 4728 baal.
1060 4671 1281 4741 llinistrnnitpne
1291 4669 1449 4742 plurimam
1463 4672 1546 4728 etiam
1560 4675 1722 4744 imperator,
1738 4690 1795 4732 non

970 4762 1110 4831 inspiratis
1124 4761 1227 4828 pratia,
1240 4760 1287 4815 sed
1295 4761 1406 4815 armiati
1418 4776 1586 4834 reprecans,
1600 4766 1730 4837 misitque
1742 4781 1794 4837 po·

969 4853 1039 4906 riter
1052 4847 1209 4922 praesidem,
1221 4846 1374 4919 impioram
1397 4855 1582 4909 exsecutorem
1600 4852 1796 4925 dipnissimum

969 4949 1179 5014 preceptorum.
1196 4938 1280 4994 itant
1303 4938 1378 4995 enim
1406 4941 1477 5012 qaod
1503 4943 1543 4999 od
1567 4954 1793 5016 rapurpatorerrm

969 5029 1136 5101 iocundam
1150 5032 1296 5098 arpentecs
1318 5044 1396 5085 amas
1423 5038 1449 5087 et
1473 5031 1604 5104 cophinos
1626 5037 1651 5089 et
1678 5032 1794 5104 scaptos

971 5117 1120 5175 imbuerint
1129 5131 1141 5179 ,·
1151 5132 1267 5187 campas
1280 5117 1447 5188 tadereinm
1460 5125 1604 5193 cepissent
1617 5124 1719 5178 stotato
1734 5123 1794 5192 qni·

970 5209 1034 5263 dem
1048 5205 1093 5261 die
1108 5203 1159 5259 boc
1173 5203 1327 5262 multitaria
1338 5207 1464 5278 plurimo
1486 5209 1614 5279 iaciebat,
1630 5218 1709 5266 nocte
1730 5223 1795 5265 vero

969 5298 1120 5367 spontaneo
1143 5301 1218 5349 terro
1242 5295 1278 5350 de
1299 5295 1371 5351 nolte
1398 5297 1553 5363 censebam
1574 5296 1675 5353 solatis
1703 5299 1796 5369 iraque

969 5382 1075 5456 prioris
1088 5381 1172 5438 etiarn
1187 5383 1370 5453 fundamenti
1383 5386 1520 5456 reliqniis,
1536 5400 1609 5441 noca
1623 5389 1798 5458 omnioprsr-

969 5474 1118 5546 parabant.
1137 5473 1259 5544 Campos
1278 5477 1361 5545 pppsi
1374 5478 1401 5530 et
1429 5473 1513 5530 coicis
1527 5475 1617 5532 matta
1644 5476 1799 5534 modiorum

971 5561 1069 5620 mittin
1092 5566 1314 5633 conprepossent,
1334 5565 1376 5619 air
1390 5580 1492 5636 mopnc
1519 5573 1661 5623 ventarum
1688 5569 1799 5639 repente

972 5653 1354 5725 respiransmnponrapae
1368 5656 1449 5727 cipes
1461 5653 1700 5726 proceltoesabita
1713 5657 1798 5729 facte
