3950 6034
141 230 210 292 ‘ott
379 229 553 293 anonam
573 229 742 294 aentms
762 224 985 292 nutritiusls
1001 220 1187 285 desertio.
1210 225 1243 286 S.
1266 221 1480 286 monnarii
1504 223 1618 287 LEOD.
1795 226 1855 286 700

150 361 755 434 gillanativitatis[taminilllec.2tt;sed
784 357 1187 431 nichilagereAcrastinum
1211 355 1336 413 induciis
1373 356 1541 428 impetratis,
1569 358 1681 415 loeutus
1709 364 1752 415 ost
1785 373 1854 415 cum
1966 357 1967 360 ’

150 452 512 525 attemptarit,priuruuam
542 455 653 510 insede
680 470 731 510 sua
754 453 910 524 episcopati
930 452 976 508 be·
1030 445 1191 503 senioribus
1205 445 1353 505 monacbis
1376 446 1424 519 qui
1441 455 1548 518 partem
1573 448 1636 516 ejus
1663 447 1803 515 inrorant,
1825 456 1858 505 et
1966 437 1967 492 ἶ

152 543 314 599 nedictiune
329 542 557 598 corrlrrmaretur.
582 542 735 599 Ordinatur
758 558 826 613 ergo
851 541 975 598 Coloniae
1029 534 1151 592 conliota
1167 551 1223 607 qua
1242 536 1332 608 potuit
1354 536 1571 606 purgationem
1594 537 1736 596 dictorum
1758 537 1857 594 senin-

153 632 243 703 pridie
259 631 464 702 purilrcatiouis
479 631 569 688 beata
585 633 688 701 liarire,
699 632 794 702 ibique
809 632 920 688 lirrrtata
934 639 976 688 est
1030 640 1092 682 ltili
1107 631 1233 681 bimaiti
1248 623 1425 694 defensione,
1446 627 1594 682 revellitur
1610 634 1639 681 ut
1659 627 1707 697 qul
1733 625 1858 683 nocebat

152 722 292 776 sententia
307 727 436 792 opertere
451 721 547 791 perlici
565 722 810 792 regisimperium.
823 720 975 793 (cn.lot2,
1029 722 1146 770 noceret
1166 715 1269 771 adbuc.
1296 713 1353 786 lpsi
1378 715 1457 772 enim
1483 714 1659 787 trepidabant
1678 716 1779 773 timore
1804 715 1859 773 obl

150 808 206 878 seb.
236 809 271 879 l).
296 809 421 881 Cumque
442 809 572 879 redisset,
597 815 714 868 evocato
743 811 849 866 domno
871 810 974 866 lieren·
1032 818 1092 861 nou
1107 812 1165 859 erat
1181 802 1399 872 timor‚scilicet
1422 818 1459 860 ne
1480 804 1505 860 si
1528 805 1650 861 domnos
1674 804 1856 877 berengerus

152 898 556 967 gerocoramomnieleroet
581 900 684 970 populo
707 897 876 970 cunctisque
896 913 976 968 panc
1030 889 1118 947 abbas
1150 898 1346 956 reverteretur,
1371 891 1401 947 ln
1429 892 1517 963 lotos,
1545 891 1612 965 quit
1642 895 1855 966 quodammodo

153 985 340 1056 principibus,
351 1002 408 1043 nun
422 1004 457 1044 ex
471 1002 522 1043 sua
539 989 587 1044 sed
604 987 683 1058 quasi
698 1003 732 1044 rx
749 987 822 1058 regis
836 986 977 1042 sententia
1030 996 1119 1038 causa
1132 982 1335 1040 commotionis
1356 982 1478 1054 luerunt,
1505 989 1614 1040 tantum
1640 983 1748 1042 malum
1763 992 1857 1042 reton-

155 1073 271 1143 invitus,
286 1076 373 1132 edicit
386 1085 514 1147 oportere
527 1083 557 1133 ut
580 1076 671 1135 abeat.
687 1076 744 1133 Nee
773 1083 831 1133 erat
850 1076 879 1132 in
896 1079 975 1132 tanto
1030 1080 1139 1142 queret.
1160 1075 1339 1144 Quapropter
1367 1072 1531 1145 potentibus
1558 1075 1742 1146 exasperatis,
1766 1075 1857 1132 crevit

154 1175 305 1232 contento,
327 1180 498 1236 quamquam
519 1165 625 1221 multos
647 1164 820 1220 adversarios
848 1162 975 1231 baberet,
1030 1158 1107 1219 circa
1127 1162 1222 1219 locum
1251 1160 1406 1233 despectio,
1431 1169 1458 1220 et
1481 1162 1547 1220 iacti
1575 1169 1641 1220 sont
1664 1163 1856 1235 despicabiles

150 1251 299 1324 quisquam
333 1259 391 1310 tam
419 1256 522 1321 audax,
546 1254 596 1326 qui
623 1255 651 1309 in
684 1269 749 1309 eum
776 1268 901 1324 unquam
931 1252 975 1310 trel
1031 1251 1164 1308 monachi
1182 1250 1316 1309 inoculis
1346 1251 1478 1310 omnium
1501 1253 1665 1311 timentium
1685 1253 1854 1311 Dominum.

155 1355 245 1397 unurn
261 1346 402 1399 sermonis
414 1344 595 1415 imporumad
621 1344 846 1414 extorquendum
864 1343 907 1399 illi
930 1341 977 1398 ba·
1066 1339 1267 1398 latiomaus
1296 1355 1362 1399 vero
1393 1340 1569 1410 Berongercs
1603 1350 1631 1399 et
1657 1343 1796 1415 quicum
1817 1358 1854 1401 eo

153 1431 249 1488 culum
266 1432 433 1503 pastoralem
444 1431 595 1501 jacularet.
611 1434 646 1488 rit
662 1431 711 1488 iile
725 1434 767 1488 vir
787 1433 975 1503 venerandus,
1030 1437 1120 1497 crant,
1134 1430 1363 1500 predicabantnr
1376 1438 1404 1486 et
1431 1429 1617 1488 laudabantur
1644 1430 1681 1487 ab
1705 1431 1853 1501 omnibns,

154 1523 282 1592 exposita
304 1529 333 1578 ut
361 1521 467 1595 optime
488 1522 594 1578 sciebat
617 1522 765 1594 diligentia
789 1536 873 1594 qnam
900 1521 977 1580 circa
1031 1526 1058 1575 et
1073 1518 1223 1575 ueniebant
1237 1520 1347 1575 adeum
1368 1520 1531 1589 omnesqui
1548 1519 1592 1576 illi
1619 1520 1855 1588 detraxerarrt,ln

153 1612 322 1683 pastoralem
340 1626 438 1667 euram
463 1610 611 1680 habuerat,
636 1627 731 1668 eoram
755 1613 797 1668 eis
820 1613 975 1680 transiens,
1031 1614 1143 1662 tantum
1158 1607 1231 1677 quod
1247 1607 1333 1664 etiam
1348 1606 1484 1665 (iirardus
1498 1606 1854 1681 (122)Trajectsnsisepis·

152 1697 550 1771 permediumillorumibat.
570 1700 784 1757 Detestabantnr
813 1701 978 1773 banejndi-
1030 1710 1120 1766 eopns
1143 1694 1204 1764 ejus
1227 1695 1344 1767 gratiam
1375 1697 1623 1767 requireremus
1657 1697 1735 1754 Μ
1758 1698 1856 1768 dignis

152 1790 191 1847 cii
213 1789 427 1846 subversionem
459 1806 540 1862 pene
563 1791 658 1849 cuncti
687 1799 746 1847 tam
771 1790 867 1848 cleriei
892 1807 975 1861 quam
1032 1785 1198 1840 muneribus
1213 1784 1371 1852 h⁰n⁰t⁸tlb
1384 1800 1464 1842 ⁸⁰⁸³!
1483 1800 1600 1857 ⁰ttflttm
1619 1787 1655 1844 td
1679 1785 1853 1846 sublevatio·

152 1875 352 1945 tainboldum
379 1878 486 1935 bonore
508 1894 573 1935 eum
594 1879 777 1944 deducentes,
793 1880 931 1935 dederunt
950 1879 976 1936 ei
1030 1887 1098 1932 nem
1113 1873 1198 1945 buius
1208 1874 1335 1931 ecclesia
1351 1875 1525 1946 repromisit,
1541 1875 1614 1932 sieut
1630 1884 1657 1935 et
1672 1880 1854 1950 postmodnm

152 1982 241 2038 equos
265 1968 299 2022 ad
330 1967 542 2025 subventionem
571 1970 700 2037 fratrum,
729 1968 778 2040 qui
802 1982 867 2026 oum
898 1978 977 2039 patre
1031 1963 1108 2020 lecit.
1120 1962 1176 2020 Sed
1191 1977 1256 2020 cum
1272 1962 1408 2020 omnibus
1422 1974 1494 2020 essct
1505 1966 1655 2036 gratiosus,
1671 1967 1725 2023 soli
1749 1966 1854 2023 Oberto

151 2072 202 2113 suo
219 2058 306 2126 magis
321 2058 419 2114 exules
433 2073 494 2114 csse
509 2059 663 2129 elegerant,
679 2072 764 2128 quam
788 2058 841 2114 sub
869 2071 974 2114 merce·
1031 2053 1172 2109 laetusest
1187 2052 1313 2122 odiosus,
1329 2052 1394 2123 qnia
1409 2052 1453 2109 illi
1471 2054 1627 2124 imputabat
1656 2055 1732 2125 quod
1748 2069 1855 2113 nomen

149 2147 230 2202 narie
245 2149 341 2206 rivere
356 2147 398 2203 rel
413 2149 616 2204 antlirerooem
633 2147 803 2204 alienorum.
1031 2157 1114 2199 snum
1129 2141 1269 2199 lamosnm
1286 2141 1392 2213 ubique
1414 2142 1576 2214 opprobriis
1589 2152 1754 2217 coopertum
1770 2152 1871 2202 esset.-

185 2235 230 2289 47.
246 2235 434 2307 tilectusergo
449 2238 491 2292 rir
506 2236 556 2293 Dei
573 2243 628 2293 tarn
650 2236 829 2293 racematus
857 2243 884 2292 et
908 2235 975 2292 buic
1030 2230 1210 2288 lotereaileo
1237 2230 1348 2288 uolente
1371 2233 1479 2289 rexatio
1508 2232 1586 2289 dedit
1608 2233 1788 2292 intellectum
1804 2250 1858 2291 nn·

149 2323 277 2381 eeclesiae
307 2334 364 2381 lam
400 2327 593 2392 necessarius,
620 2326 697 2381 venit
738 2340 803 2382 eum
837 2325 975 2382 fratribus
1029 2318 1360 2387 dilui,clii0trldiwl*stt
1384 2321 1555 2388 intentione,
1580 2337 1638 2379 uno
1666 2329 1760 2380 lamen
1787 2323 1856 2394 igno

152 2414 520 2471 suisadabbatemsancti
544 2415 662 2472 liuberti
684 2414 903 2481 Theodericum,
926 2414 975 2485 qai
1029 2406 1461 2478 dist⁰ldl³⁰ffli⁰f⁰¹ll⁰ffl⁰0⁸
1486 2408 1619 2466 ffl⁰⁰⁸⁰hi
1648 2408 1734 2466 simul
1758 2419 1860 2468 ⁰⁰⁰¹st
1966 2403 1967 2412 ἵ

152 2517 218 2557 eum
248 2501 372 2576 benigne
400 2503 558 2575 suscipiens
590 2512 618 2560 et
651 2502 815 2571 consolans,
848 2503 925 2560 dedit
948 2502 975 2561 ei
1029 2494 1238 2554 wolbodonem
1266 2497 1377 2554 ardore.
1402 2497 1549 2569 Crcpltom
1575 2498 1704 2556 incendii
1730 2507 1788 2558 tota
1810 2502 1856 2559 ci·

151 2592 308 2662 prioratum
322 2606 409 2649 unum
426 2608 512 2662 prope
533 2593 678 2649 civitatem
700 2590 974 2666 Rementemlitt),
1028 2586 1280 2656 tilasaudirit,et
1301 2588 1362 2659 ipse
1387 2588 1539 2659 episcopos
1565 2590 1599 2646 ad
1629 2592 1856 2662 extinguendum
1966 2587 1967 2596 ’

149 2679 201 2735 nbi
216 2697 265 2750 per
279 2691 334 2737 tras
348 2695 440 2738 annos
455 2690 481 2737 et
496 2682 646 2737 dimidium
671 2682 975 2752 moratorestingens
1029 2674 1151 2732 sortiunt
1173 2676 1308 2733 occurrit.
1330 2677 1408 2743 Quod
1450 2677 1539 2734 semel
1572 2685 1599 2735 et
1637 2679 1741 2737 iterum
1771 2688 1861 2752 atque

149 2769 227 2840 exul,
253 2769 367 2827 cunetis
391 2772 441 2843 qul
466 2785 531 2826 eom
560 2779 697 2827 noverant
718 2770 800 2828 ratde
824 2771 973 2842 gratiosus,
1030 2766 1111 2823 tertio
1127 2766 1231 2823 trustra
1253 2774 1419 2839 temptatum
1445 2777 1497 2825 est.
1522 2766 1592 2826 liam
1609 2771 1744 2828 monachi
1759 2784 1860 2842 cope-
1966 2781 1967 2786 ’

148 2862 263 2930 Deuque
278 2860 406 2915 devotus.
423 2860 560 2916 Percussa
575 2858 663 2928 igitur
685 2866 807 2930 pastore,
824 2866 973 2929 susceptus
1028 2863 1096 2912 runt
1106 2854 1319 2913 wolbodonem
1331 2859 1474 2929 umquam
1500 2858 1689 2915 simoniacum
1705 2860 1858 2929 detestari,
1966 2907 1967 2940 3

149 2957 191 3003 eet
202 2948 299 3004 infelix
316 2948 367 3005 ille
395 2948 589 3005 mercenarius
604 2963 669 3004 cum
697 2946 830 3003 inlanstia
843 2948 973 3012 canticis,
1028 2945 1258 3016 improperantes
1274 2945 1299 3001 el
1314 2947 1387 3016 qood
1404 2948 1549 3016 quendem
1569 2947 1761 3019 abjudicatus,
1776 2965 1859 3007 nnnc
1966 2947 1967 2950 ’

151 3035 298 3092 monacbis
326 3036 396 3092 illud
435 3037 649 3107 responsorium
679 3033 877 3092 canentibus:
904 3035 973 3091 bear
1028 3033 1857 3110 perpecuniamintroduotnsinbonisltcolesietyrnn-

149 3122 258 3179 domim
277 3123 335 3180 mei
357 3122 506 3193 Abrabam,
529 3122 620 3193 diripe
641 3121 717 3179 oium
740 3139 841 3192 mecm,
869 3131 923 3181 eto.
951 3124 975 3181 0
995 3104 1148 3180 castraret.
1163 3123 1245 3181 Tunc
1260 3123 1412 3194 episcopos
1426 3124 1475 3198 qni
1491 3124 1578 3183 stulte
1600 3142 1632 3183 ee
1645 3126 1740 3199 ipsum
1756 3130 1854 3200 prodi·

149 3211 306 3269 intanstum
330 3213 404 3269 diem
429 3211 512 3269 illum
543 3227 629 3285 quem
653 3220 738 3268 tantae
762 3212 884 3269 tenebre
905 3220 971 3269 sont
1026 3212 1115 3278 derat,
1145 3219 1255 3283 partem
1283 3228 1313 3269 se
1337 3213 1470 3284 pecunie
1499 3213 1579 3273 illius·
1602 3215 1748 3286 babuisse,
1778 3223 1857 3275 totns

149 3306 256 3358 secutae
285 3299 293 3357 l
321 3301 456 3374 Sequenti
485 3303 571 3359 etiam
600 3302 647 3359 die
665 3310 799 3373 exceptus
826 3309 868 3359 est
896 3301 972 3373 lopo
1026 3310 1125 3359 contra
1140 3301 1294 3360 monachos
1309 3302 1441 3373 insurgit.
1459 3305 1538 3371 Quod
1562 3305 1693 3364 tridentes
1707 3307 1854 3375 monachi,
1966 3341 1967 3344 =

147 3388 420 3453 illailasbaniensis.
437 3390 486 3463 qui
502 3392 537 3447 de
560 3391 681 3448 erotesis
709 3390 801 3448 sancti
828 3392 972 3449 'frodonis
1027 3391 1230 3449 communibus
1244 3391 1501 3464 supplicationibus
1516 3393 1546 3450 in
1561 3395 1710 3453 communi
1725 3396 1853 3467 statutis,
1966 3401 1967 3444 t

149 3479 252 3536 feceret
267 3479 433 3551 speluncam
463 3479 616 3536 latronum.
641 3480 665 3535 0
693 3494 757 3536 rere
785 3485 912 3551 tempora
927 3481 971 3536 in·
1027 3480 1278 3551 prosternebantur
1304 3481 1426 3553 singuiis
1448 3481 1579 3540 noctibus
1602 3484 1633 3541 in
1657 3490 1757 3557 crypta
1785 3495 1853 3544 ante
1966 3483 1967 3486 ’

149 3568 272 3625 ielicial
300 3568 371 3626 Nam
391 3584 457 3627 oum
484 3568 660 3627 wolbodone
683 3570 801 3628 veniens
824 3570 919 3627 statim
942 3585 973 3627 se
1027 3565 1216 3627 altarebeate
1231 3568 1328 3627 Marisa
1350 3569 1527 3642 virginiam
1549 3573 1583 3629 ad
1600 3574 1741 3631 tumulum
1757 3576 1853 3633 uncti

151 3657 275 3715 ostendit
303 3667 411 3717 armata
430 3668 548 3731 egestas,
576 3659 615 3716 ita
651 3675 717 3716 eunt
747 3659 850 3718 debitis
876 3660 973 3731 exagi-
1027 3657 1153 3728 episcopi
1166 3657 1357 3716 wolbodonis
1372 3661 1465 3732 3quod
1477 3670 1629 3732 acceptum
1650 3662 1738 3721 luisse
1751 3678 1852 3735 snper·

150 3748 286 3818 tentibus,
312 3758 341 3804 nt
366 3749 453 3806 ieram
479 3749 605 3821 rapidam
631 3749 720 3807 tames
743 3750 835 3806 talida
858 3764 974 3820 exaspe·
1029 3746 1074 3803 nis
1085 3746 1303 3806 revelationibus
1323 3748 1481 3807 indicatum
1506 3756 1562 3808 cst.
1579 3751 1650 3810 Nam
1676 3752 1746 3811 ridit
1772 3753 1850 3827 quis·

150 3845 205 3893 rat.
222 3837 258 3894 lit
271 3838 386 3909 quidem
399 3838 494 3911 primo
505 3839 536 3894 ln
558 3854 711 3909 pauperem
735 3837 862 3895 ecclesie
890 3837 972 3895 leml·
1028 3837 1301 3908 quamnarimoum
1325 3840 1475 3896 monacbis
1498 3839 1529 3897 in
1556 3842 1629 3899 mari
1657 3842 1811 3911 turbatam,
1835 3861 1853 3901 ι

150 3925 219 3984 liam
243 3930 332 3985 durus
355 3937 468 3985 emetur
502 3926 643 3996 incubuit,
672 3942 751 3984 nnnc
774 3942 871 3999 prece,
897 3943 974 3985 nuno
1029 3923 1110 3982 basta
1126 3924 1214 3983 ilaris
1227 3927 1264 3982 ad
1280 3926 1359 3983 littus
1372 3929 1537 3998 perductam
1553 3929 1854 4005 salsamentorumque

150 4017 220 4073 dura
240 4018 301 4086 lege
321 4015 419 4088 placiti
446 4017 572 4087 predam
596 4017 705 4073 iaciens
728 4031 763 4072 cx
782 4031 882 4073 eornm
906 4018 974 4073 sub·
1028 4013 1195 4087 episcopum
1207 4013 1418 4074 Wolbodcnem
1434 4017 1471 4074 ad
1496 4016 1586 4077 altare
1599 4020 1693 4077 sancti
1708 4020 1854 4081 Laurentii

151 4105 263 4160 stantiis
274 4118 283 4171 ς
295 4104 401 4161 deinde
426 4104 530 4161 londos
548 4103 687 4172 eeclesia,
713 4102 840 4160 decimae
863 4119 975 4176 qnoque
1028 4103 1202 4161 sacrificinm
1217 4105 1308 4162 laudis
1322 4105 1469 4174 obtulisse,
1484 4115 1512 4165 et
1534 4107 1667 4167 bronium
1681 4112 1853 4183 pastoralem

153 4193 290 4265 paulatim
301 4193 478 4265 oppignerat,
492 4192 594 4264 partim
619 4192 746 4250 vendens
759 4191 790 4249 in
807 4200 975 4266 perpetuum
1029 4192 1217 4251 wolbodonis
1231 4193 1261 4251 in
1278 4210 1364 4252 martu
1393 4195 1455 4266 eius
1475 4196 1595 4255 tractum
1619 4215 1669 4271 par
1683 4199 1854 4260 innumeras

153 4282 270 4352 alienat,
301 4281 442 4340 nonnulla
474 4280 528 4338 rub
565 4282 732 4339 conditione
755 4281 845 4339 anoni
871 4297 975 4339 census
1030 4290 1122 4353 partes
1133 4280 1300 4342 dissiluisse.

154 4372 327 4444 emancipat,
354 4372 411 4428 alia
445 4372 475 4428 in
501 4370 672 4429 beneficium
697 4371 801 4428 alienis
825 4370 974 4428 heredibus
1063 4371 1109 4428 li.
1126 4370 1412 4447 Obertusepiroopes
1427 4376 1710 4447 mandamentorum,
1725 4394 1760 4437 eo
1778 4381 1853 4452 qnod

152 4461 249 4518 donat.
274 4462 355 4527 Quod
371 4461 500 4518 ridentes
514 4460 651 4517 monacbi
678 4467 825 4531 caeperunt
848 4476 879 4518 se
902 4460 974 4518 inri-
991 4462 1066 4537 nde
1080 4461 1202 4519 simonia
1226 4462 1361 4520 iecissent
1390 4465 1578 4534 mentionem,
1607 4467 1639 4526 in
1657 4468 1726 4526 ieris
1754 4478 1855 4543 qmrta

152 4563 214 4606 com
237 4548 355 4606 rixando
380 4549 525 4617 detestari,
549 4548 678 4606 abbatem
704 4549 890 4623 beringerum
915 4550 977 4608 beo
1030 4555 1182 4612 dominice
1198 4555 1408 4627 passionistcc.
1424 4557 1504 4616 1095.
1519 4558 1601 4617 trare
1618 4560 1675 4631 21),
1691 4577 1756 4619 eom
1772 4562 1855 4620 nullo

152 4638 249 4695 omnia
260 4638 426 4712 preditisse
440 4638 593 4695 relerentes
610 4663 618 4708 3
633 4639 751 4711 ejusque
776 4639 917 4697 beneflcio
930 4656 976 4697 re·
1031 4643 1162 4716 imperio,
1178 4643 1450 4704 nullisclamoribus
1468 4646 1546 4706 ilenti
1569 4658 1696 4721 possent,
1710 4652 1745 4708 ad
1759 4651 1855 4724 subic-

153 4730 289 4796 colentes,
316 4743 413 4783 eorum
440 4728 675 4799 iugratrtudinem
700 4729 868 4801 arguebant.
892 4731 977 4787 Prin·
1032 4734 1156 4790 ctionem
1172 4731 1373 4805 Wolbodonis,
1399 4736 1447 4806 qui
1469 4753 1500 4793 se
1525 4753 1541 4793 a
1570 4741 1772 4799 communione
1794 4742 1857 4809 eius

153 4817 231 4888 cipes
245 4819 330 4874 etiam
349 4817 432 4886 buius
448 4817 638 4887 patriaesimul
653 4832 718 4873 cum
740 4815 977 4877 Godclridoducc
1032 4819 1242 4891 abscindentes,
1258 4829 1284 4878 et
1299 4839 1329 4879 se
1357 4823 1480 4881 invicem
1510 4826 1701 4892 cohortantes,
1726 4844 1856 4900 perseve-

154 4908 306 4965 consilium
323 4907 501 4973 inierunt,et
514 4906 608 4962 Oberti
624 4906 754 4965 aularum
776 4910 823 4964 uix
842 4908 977 4967 obtinue-
1031 4911 1152 4965 rentiam
1168 4908 1226 4966 sibi
1241 4915 1341 4968 mutuo
1357 4910 1476 4969 firmatis
1489 4914 1594 4971 animis
1608 4916 1790 4986 devoverant,
1802 4933 1856 4976 nec

154 5008 229 5066 rant,
254 5005 285 5057 ut
325 5001 461 5055 domnum
505 4997 688 5069 Beriugerum
728 5002 917 5067 remandaret,
950 5007 977 5055 ut
1031 4998 1101 5069 ipsis
1115 4998 1249 5055 manibus
1264 5001 1444 5071 temperarit,
1458 5008 1486 5059 et
1509 5004 1647 5074 quosdam
1663 5005 1698 5062 de
1711 5005 1856 5077 prioribus

151 5092 269 5146 domum
294 5091 376 5144 istam
405 5091 440 5143 de
465 5103 550 5142 mauu
582 5088 652 5143 tauri
676 5089 818 5157 predonis
845 5091 976 5158 eriperet.
1032 5086 1174 5143 violenter
1189 5086 1270 5145 laicis
1287 5088 1400 5145 tradidit
1422 5089 1715 5166 abducendos;qoos
1728 5109 1795 5153 cnm
1810 5096 1857 5154 bis

152 5179 354 5251 stepiscopue
377 5179 550 5233 demandato
574 5175 756 5233 Wetbottoue
782 5191 877 5234 coram
903 5176 978 5233 taeta
1032 5176 1244 5236 iuriisvinoere
1278 5193 1336 5236 non
1362 5187 1468 5251 posset,
1499 5181 1612 5239 tradidit
1640 5199 1688 5241 eos
1711 5184 1858 5257 Stephano

154 5266 388 5339 ejasarguebat3
413 5270 462 5323 sed
494 5266 543 5322 ille
566 5265 809 5337 improvisus‚rix
833 5278 921 5336 usqne
948 5266 978 5323 in
1033 5264 1359 5339 abbatiSanotilacobl,
1379 5277 1408 5326 ot
1433 5272 1508 5343 apud
1529 5270 1612 5330 illum
1639 5274 1727 5332 exilio
1750 5276 1858 5334 detine·
1966 5333 1967 5344 ,

988 5380 1104 5442 ΝΟΤΔΞ.

189 5506 264 5582 (421)
280 5506 524 5569 eberneicurtem,
1068 5510 1142 5587 (122)
1160 5513 1308 5574 cunradus
1321 5520 1388 5576 tuno
1402 5515 1554 5592 episcopus
1574 5516 1767 5595 trajectensis
1788 5529 1857 5586 crat.
