3950 6034
100 224 173 288 ωδ
592 211 858 276 semiobulo
880 210 1130 277 HMELINUM
1151 214 1331 279 macutus
1756 217 1817 279 666

101 347 615 424 66666116666616666666116611,
638 362 685 419 epo
709 350 807 404 autem
827 344 933 419 Apollo,
948 345 976 417 Α
990 347 1099 419 661666
1113 366 1220 408 corona
1241 349 1418 424 virginitatis
1438 348 1626 422 imprimitur.
1655 349 1818 422 Utrumque

103 460 162 517 666
176 459 239 501 carc
253 440 347 513 cepta
367 438 390 514 (1
405 438 465 495 Cor.
482 455 503 505 r,
526 439 579 510 ¹2).
596 436 812 511 subjungimus
834 439 864 492 et
888 452 941 492 nos
996 438 1126 494 ordinem
1143 438 1270 511 simplici
1286 439 1423 496 clericatu
1442 438 1599 512 tetgerum
1612 444 1819 513 6616666661-

105 543 142 593 st
172 531 384 591 rationabiliter
416 526 567 600 probaturi
595 525 744 582 dicimus:
773 526 827 583 llos
850 534 942 582 autem
996 524 1815 602 li,quantocentesimustructussuperatsesagesirnum.

106 626 229 684 careret.
250 624 281 680 16
293 636 352 693 666
364 620 432 690 6616
455 617 543 673 66661
569 615 599 674 16
625 615 791 685 insipientie
813 613 943 671 dicimus
995 616 1163 681 06166166
1181 620 1210 675 16
1221 619 1306 675 66616
1318 619 1493 676 monachica
1504 618 1585 676 laicis
1596 622 1725 678 66666661
1735 626 1814 687 6661,

108 715 383 773 6616666666.
401 702 942 778 61616666661661666161666,6166
995 714 1024 762 et
1040 707 1120 763 66116
1134 707 1288 765 clericatus
1305 708 1396 782 gradu
1413 709 1450 766 66
1466 707 1567 765 6116616
1591 708 1718 765 61116166
1744 714 1814 765 6661

106 821 181 861 666.
195 806 378 872 Quemquam
395 794 570 867 insipientia
587 801 686 851 66166
712 810 828 850 omnem
855 808 943 849 66666
995 794 1367 867 6666611,1116666666166
1385 814 1441 853 non
1466 797 1630 866 superiores
1655 814 1719 854 esse
1744 799 1814 855 1616·

107 893 237 967 probata
251 894 374 958 6616661,
389 884 677 959 6616616611661666
692 883 729 941 66
743 882 809 940 6116
822 882 943 957 6616616
996 902 1071 953 666,
1088 886 1138 943 666
1154 904 1239 961 pares
1249 887 1420 944 auctoritaie
1432 902 1581 943 sacrorum
1594 903 1752 953 canonum,
1764 888 1814 959 qui

106 982 241 1044 maritis.
258 978 309 1036 sud
324 977 361 1034 de
375 974 495 1048 publico
514 973 618 1031 ordine
640 972 748 1045 agitur,
772 987 826 1028 uec
847 971 943 1042 666116
995 972 1366 1046 inhujusmcdimcuacbis
1377 973 1492 1049 lapsum
1504 973 1761 1032 61666666166116
1772 974 1819 1032 661

107 1068 226 1143 agarei
241 1072 273 1125 16
289 1069 383 1123 simus
399 1065 429 1121 io
450 1062 564 1123 666661
588 1059 639 1119 1116
663 1059 775 1129 666166,
800 1058 852 1115 666
876 1058 944 1131 6616
996 1064 1397 1135 66616611666661666661,
1422 1067 1469 1123 cui
1494 1063 1677 1123 6166666161
1701 1065 1819 1123 diaconi

106 1162 184 1220 crdo
211 1157 345 1225 iesilimc
368 1156 555 1220 0666161166,
579 1150 683 1223 maiori
710 1149 828 1222 666616
854 1164 943 1207 6666
995 1154 1113 1228 166666
1129 1155 1280 1227 subjacere
1295 1157 1465 1214 decernunt.
1483 1155 1627 1229 ’16166666
1650 1155 1717 1212 Pius
1743 1172 1817 1228 6666

110 1249 283 1325 operarium
298 1244 430 1320 amplius
445 1245 601 1317 fatigatum
626 1245 745 1299 coronet
767 1243 819 1296 aut
842 1255 943 1297 remu·
996 1244 1061 1302 ideo
1077 1244 1233 1316 predicare
1248 1250 1335 1315 vetat,
1351 1256 1584 1319 quantacunque
1598 1246 1726 1302 66166116
1746 1245 1814 1315 6161,

109 1344 211 1399 66661.
997 1334 1077 1407 6616,
1093 1351 1160 1391 666
1172 1334 1298 1392 66616611
1310 1353 1365 1392 666
1378 1336 1435 1393 6161
1445 1336 1482 1393 66
1493 1336 1647 1409 episcopis,
1661 1336 1745 1408 quasi
1758 1351 1815 1392 non

151 1431 225 1490 Dico
239 1445 308 1503 ergo
323 1428 431 1487 6661166
446 1427 498 1500 661
512 1427 558 1483 est
571 1423 654 1495 crdo,
673 1436 771 1480 66666
794 1415 943 1480 616111661
997 1426 1057 1481 6161
1072 1422 1156 1480 61661
1171 1425 1207 1479 66
1223 1423 1403 1497 66661611616,
1434 1441 1486 1482 666
1512 1425 1620 1482 666661
1642 1431 1815 1500 potestatem

109 1522 340 1579 Consideremus
355 1516 498 1575 16661666
514 1530 587 1572 arom
599 1511 671 1583 Noe,
687 1509 799 1585 66616
823 1509 943 1567 1616616·
996 1512 1108 1587 ligandi
1124 1522 1210 1586 atque
1224 1513 1367 1585 66166661,
1385 1515 1440 1571 6161
1462 1514 1628 1572 sacerdotes
1653 1531 1670 1570 6
1693 1514 1819 1571 666616

111 1612 199 1670 ribos
214 1608 399 1683 longitudine
413 1605 581 1664 cubitorum
603 1605 811 1673 6666616666,
838 1598 942 1657 latitu-
997 1603 1199 1661 sacerdotibus
1214 1609 1356 1678 tanquam
1381 1604 1417 1660 ab
1442 1603 1584 1679 apostolis
1608 1603 1702 1671 61661,
1722 1605 1751 1660 16
1776 1610 1818 1661 661

111 1702 185 1760 6166
200 1698 416 1775 quinquaginta
430 1696 611 1764 cubitorum,
635 1706 818 1767 surgensque
842 1689 873 1746 in
896 1687 944 1747 61·
957 1721 982 1788 Β
997 1693 1132 1751 ordinati.
1150 1695 1249 1766 ltaque
1263 1700 1358 1752 vester
1372 1693 1443 1751 crdo
1456 1696 1533 1752 66166
1546 1694 1698 1751 66666616
1720 1693 1817 1750 imita·

109 1791 241 1850 titudine
255 1788 424 1847 cubitorum
438 1785 562 1860 triginta
580 1782 611 1840 16
631 1782 729 1841 cubito
753 1795 941 1838 consumma·
996 1789 1054 1852 166,
1070 1784 1099 1840 16
1114 1788 1160 1840 661
1173 1783 1534 1857 61661166166666166116,
1550 1784 1718 1857 6616666161
1728 1784 1817 1841 cilicii

109 1885 172 1940 166.
189 1881 326 1954 Figuram
342 1877 444 1951 utique
471 1873 593 1932 666661
617 1873 748 1946 eorporis
772 1871 940 1944 praeterens,
995 1877 1041 1930 661
1054 1872 1196 1947 6666166
1211 1874 1324 1930 666666.
1341 1877 1444 1931 Noster
1458 1879 1555 1930 sutem
1567 1871 1817 1947 ordoquicunque

110 1971 192 2046 quod
209 1968 376 2027 altitudinis
390 1983 453 2024 666
468 1963 637 2037 66666166,
651 1959 821 2020 latitudinis
846 1963 941 2017 autem
995 1980 1063 2021 666
1079 1963 1176 2022 6111616
1191 1963 1292 2022 6116616
1303 1964 1474 2022 666666166
1487 1965 1586 2021 666116
1597 1960 1816 2037 praefulgemus,

110 2059 284 2133 sescuplum
299 2057 399 2128 66661,
414 2072 449 2114 66
473 2071 524 2127 666
546 2051 602 2111 666
626 2051 808 2125 presignans
832 2064 940 2122 corpus
996 2054 1148 2112 cherubim
1163 2054 1353 2113 imitamurst
1362 2055 1510 2129 seraphim
1523 2071 1530 2112 :
1543 2053 1693 2112 cherubim
1705 2051 1734 2108 in
1747 2069 1817 2123 666-

110 2149 235 2220 0661611,
247 2147 326 2223 qued
341 2151 372 2204 61
384 2146 484 2217 ipsum
500 2144 657 2202 fenestram
673 2139 827 2213 accepitin
839 2139 939 2211 161666,
995 2145 1113 2204 dicandi
1127 2151 1157 2204 et
1170 2146 1291 2204 6666661
1307 2145 1414 2218 nidulo,
1433 2144 1478 2203 661
1498 2145 1641 2214 66166116;
1665 2143 1814 2217 seraphim

110 2240 144 2297 id
157 2238 326 2298 661661666
340 2252 377 2293 66
391 2237 491 2293 laurea
506 2233 620 2290 militis.
632 2232 732 2289 Totam
741 2230 841 2303 116666
849 2228 940 2287 eccle-
995 2241 1106 2302 arctam,
1122 2233 1815 2311 quodtntarpoetaturaraens‚v01incendendis

111 2330 202 2400 siam,
219 2345 283 2403 666
298 2319 940 2399 6616666666661611,616611166661613661,
994 2340 1028 2382 66
1056 2326 1133 2398 quod
1163 2324 1247 2399 quasi
1276 2325 1360 2400 igneo
1384 2325 1496 2383 6616616
1524 2329 1642 2398 6666616
1670 2323 1815 2395 preterita

111 2409 940 2494 66666661666616666661666161166666666661666
995 2416 1328 2489 6666666161666616
1342 2416 1440 2473 61666
1451 2410 1815 2487 66161161166666666616

9 2548 10 2553 1
111 2511 299 2568 diversorum
315 2506 366 2580 qui
380 2509 449 2562 sual
474 2504 505 2560 16
530 2501 669 2561 Ecclesia.
698 2500 730 2556 16
753 2498 941 2558 interioribus
997 2509 1077 2575 putet
1091 2504 1157 2577 6616
1172 2505 1279 2563 666666
1295 2505 1484 2575 monachum,
1500 2509 1560 2562 166
1578 2505 1715 2561 clericum
1732 2518 1818 2575 6666

9 2588 10 2601 ’
112 2618 184 2659 arce
200 2591 775 2667 666116616616661166166666666616,
799 2590 829 2647 16
853 2606 940 2664 supa·
997 2593 1118 2663 laicum,
1133 2595 1300 2653 Bonilacius
1316 2613 1391 2669 papa
1406 2596 1502 2669 ipsum
1526 2593 1661 2651 monachi
1687 2593 1822 2649 habitum

9 2720 10 2733 ¹
112 2690 243 2748 rioribus
257 2689 412 2754 homiaes;
428 2700 497 2741 nam
509 2688 540 2740 61
554 2680 684 2739 Ecclesia
707 2679 830 2737 inlerius
853 2679 942 2736 66661
997 2684 1129 2757 depingit
1144 2683 1193 2755 116,
1220 2689 1286 2758 6661
1308 2683 1408 2758 611666
1425 2702 1460 2743 :e
1484 2685 1656 2742 Sacerdotes
1684 2679 1822 2738 monachi

110 2781 204 2838 oium
233 2777 408 2836 carnatium.
435 2772 572 2844 superius
601 2772 689 2827 ritum
728 2767 940 2843 spiritualium.
998 2774 1240 2846 atquecaucoici,
1253 2774 1302 2845 661
1316 2774 1364 2830 Dei
1377 2772 1714 2847 666666166666611661,
1726 2769 1820 2843 angeli

109 2870 349 2935 consideremus,
376 2867 512 2937 166666,
539 2861 680 2919 lubricam
704 2876 791 2928 6666,
831 2876 943 2933 quaa
993 2867 1223 2933 ι66666166;666
1240 2864 1445 2935 66666616666
1460 2862 1700 2936 angelicorum,
1712 2867 1821 2933 quanto

9 2996 10 3015 .
107 2952 584 3032 66116666111661661661616116,
598 2948 785 3025 6166616116
802 2948 832 3005 iu
848 2964 942 3021 aogu·
998 2952 1122 3008 61616166
1131 2952 1222 3009 Deum
1235 2952 1460 3024 contemplatur,
1471 2957 1552 3009 16616
1561 2951 1718 3009 666116166
1730 2949 1823 3021 digni-

111 3057 194 3107 stum
209 3047 375 3106 6166661616
390 3042 490 3102 cubito
505 3045 742 3099 consummatur.
756 3038 799 3094 lbi
813 3038 942 3110 prolecto
997 3046 1056 3098 1616
1071 3043 1214 3099 firmatur.
1231 3041 1369 3115 Nunquid
1384 3043 1474 3111 enim,
1492 3048 1524 3099 ut
1534 3040 1692 3112 seraphim,
1717 3056 1820 3097 mona·

111 3138 259 3212 quidquid
279 3136 433 3199 6616661166
448 3133 560 3206 ubsque
575 3129 635 3186 6116
650 3128 881 3186 contradictione
900 3131 944 3184 est
998 3130 1045 3188 661
1061 3131 1182 3188 seselis
1203 3131 1347 3201 66166166,
1373 3132 1438 3190 666
1461 3132 1491 3188 16
1513 3130 1630 3205 6661116,
1656 3147 1714 3205 666
1738 3134 1825 3201 caput

114 3228 259 3286 61611166.
276 3224 481 3283 8166161666
497 3222 529 3279 in
552 3229 654 3279 666616
677 3218 809 3275 Ecclesia
833 3220 944 3289 quanto
998 3222 1118 3294 tegitur,
1146 3221 1222 3278 66616
1244 3223 1463 3280 demonstrator
1496 3221 1717 3280 assertionibus.
1747 3218 1822 3275 11166

116 3318 245 3391 6616666
259 3317 331 3373 6666
345 3325 389 3372 661
404 3313 523 3379 arctior,
535 3314 613 3369 tauto
628 3313 716 3366 66161
731 3306 826 3363 altior.
841 3305 944 3362 11666·
998 3326 1066 3368 vero
1081 3311 1158 3386 quud
1174 3312 1301 3369 brachiis
1317 3312 1568 3382 6616661166,6166
1582 3310 1654 3369 duas
1669 3327 1733 3367 esse
1748 3309 1821 3365 dici·

106 3410 241 3465 6166666
258 3396 785 3476 16116666666661666661666661166
806 3400 861 3465 661,
876 3394 944 3468 6616
999 3414 1076 3465 666,
1094 3396 1204 3455 616166
1222 3414 1281 3471 666
1295 3416 1402 3472 corpus
1417 3400 1563 3466 conditur,
1580 3400 1643 3455 6166
1668 3397 1753 3454 6666.
1776 3397 1821 3453 Sic

118 3514 174 3555 nec
188 3498 328 3553 carnibus
340 3500 509 3562 vescuntur,
526 3507 579 3549 nec
594 3489 680 3547 lineis
695 3487 870 3554 vestiuntur,
892 3500 945 3541 nec
998 3504 1051 3545 666
1065 3486 1178 3543 616666
1195 3502 1335 3544 numerus
1350 3487 1513 3543 certissima
1528 3489 1693 3544 6661161166.
1717 3487 1820 3560 116666

116 3591 350 3642 stramentorum
363 3584 471 3641 616666
486 3580 608 3638 mollitie
622 3580 771 3643 iruuotur,
782 3580 812 3633 et
824 3573 945 3632 statutis
998 3578 1089 3650 66616
1102 3574 1287 3647 proportione
1299 3591 1350 3633 vos
1364 3576 1568 3647 precabimur,
1583 3582 1613 3632 et
1627 3576 1819 3634 sicntdictum

108 3675 225 3748 -vigttita
240 3674 368 3745 ampliss
385 3673 559 3745 fatigantur,
573 3674 603 3726 et
628 3665 812 3739 6666666666
841 3664 944 3737 majori
998 3673 1042 3724 est
1058 3684 1075 3723 6
1090 3666 1232 3739 666666,
1248 3665 1340 3722 Maria
1355 3668 1436 3738 virgo
1450 3671 1479 3722 et
1503 3665 1632 3722 loannes
1652 3667 1744 3738 virgo,
1771 3668 1821 3724 aed

9 3774 10 3827 1
115 3762 274 3837 disciplina
288 3763 362 3818 1666
377 3759 492 3816 1166161
507 3764 625 3816 strenue
639 3756 832 3830 praeveniunt,
845 3771 943 3826 6666·
1000 3755 1817 3828 6616666666611616616616,66161116661666161666..

117 3856 258 3929 61166666
283 3852 458 3925 sanguinem
482 3865 569 3909 suurn
593 3849 623 3904 16
649 3851 792 3920 potestate
817 3850 943 3918 6616666
997 3845 1045 3903 Sic
1060 3850 1088 3903 61
1105 3862 1157 3903 666
1172 3846 1309 3915 6161666,
1325 3845 1469 3903 liebertus
1482 3845 1607 3903 61661666
1617 3852 1646 3902 61
1658 3845 1819 3903 1166611666

114 3945 207 4017 ⁷rirgs
228 3941 384 4009 dederuut,
409 3946 441 3997 61
465 3939 608 4014 percutiat
630 3943 713 4009 pater
736 3934 830 3992 111166
854 3950 944 3991 suurn
998 3934 1133 4005 clericus,
1160 3928 1210 3991 sed
1237 3935 1331 4007 major
1357 3934 1506 4009 proportio
1529 3936 1559 3992 in
1586 3937 1721 4001 11666616,
1750 3935 1819 4007 quia

117 4034 200 4099 uirga
215 4038 360 4106 6666166
375 4028 449 4099 6611,
460 4029 620 4087 dummodo
633 4027 737 4086 liberat
747 4024 944 4087 666616661·
998 4025 1134 4082 sacerdos
1147 4028 1177 4080 61
1191 4023 1361 4080 monachus.
1377 4025 1432 4081 Sed
1448 4025 1518 4082 dicit
1530 4024 1655 4097 aliquis:
1679 4023 1819 4096 Nunquid

118 4138 200 4180 16666
215 4124 292 4193 6166,
305 4127 338 4179 61
351 4120 418 4178 61116
433 4118 525 4177 mutis
540 4118 698 4193 modisprc
708 4119 815 4179 Christi
825 4116 944 4175 nomine
997 4114 1120 4188 66661611
1135 4113 1267 4172 6666661
1283 4112 1387 4171 luere?
1400 4114 1443 4173 sd
1461 4115 1522 4173 666
1538 4116 1669 4191 166666,
1686 4115 1817 4173 minime.

118 4213 249 4285 6661166
259 4226 346 4284 6666
357 4226 407 4266 voa
417 4208 589 4283 regulariter
598 4207 945 4280 66616616616116616616
997 4209 1070 4264 Nam
1084 4205 1296 4279 1666661666
1312 4203 1458 4278 61666661
1483 4206 1646 4263 6611661666
1667 4206 1820 4263 conductis

115 4300 317 4376 prescriptam
330 4299 862 4373 similitudinem,quiamonacbcrurn
872 4297 943 4354 6666
998 4303 1098 4357 666166
1111 4297 1182 4363 Noe,
1197 4295 1226 4352 id
1241 4299 1419 4370 6616666166,
1435 4295 1545 4354 scilicet
1566 4296 1698 4355 Christus
1722 4296 1820 4353 Domi-

118 4393 213 4451 multo
228 4406 318 4465 6666
332 4396 429 4449 666166
447 4396 494 4449 661
515 4391 631 4460 arctior,
659 4395 705 4449 cst
731 4394 819 4448 etiam
845 4386 943 4446 altior.
998 4403 1071 4457 nus;
1087 4386 1138 4460 661
1152 4384 1334 4459 requiescere
1349 4402 1403 4443 666
1414 4385 1819 4460 locitasempiteruislabori·

103 4483 155 4540 -ur
168 4481 249 4556 6616,
265 4485 298 4539 61
311 4480 353 4538 611
366 4478 550 4549 6661116166,
564 4479 702 4550 rapientia
719 4494 777 4533 aaa
800 4461 981 4535 1666611661)
997 4477 1064 4543 666,
1078 4492 1175 4533 66666
1190 4474 1248 4532 6161
1263 4474 1397 4545 16616661,
1422 4491 1475 4532 666
1499 4477 1620 4534 vacabat
1644 4476 1819 4548 6611661666,

117 4576 151 4630 ia
165 4578 241 4629 torro
255 4573 377 4628 6666166
396 4571 549 4626 6166611616
570 4567 631 4641 (161
655 4583 754 4636 66666,
780 4567 836 4640 13),
860 4569 944 4623 16616
997 4567 1124 4623 necdum
1139 4563 1293 4640 dispositis
1307 4564 1533 4635 mansiunculis,
1549 4572 1580 4624 ut
1592 4568 1621 4623 in
1630 4567 1746 4624 lectulis
1761 4584 1821 4625 mc·

118 4662 214 4735 magis
243 4661 290 4718 hic
317 4659 389 4718 ordo
423 4658 599 4729 propinquat
636 4656 796 4730 sapientie,
833 4660 944 4727 quanto
996 4655 1123 4713 6666166
1144 4652 1400 4727 contemplationis
1411 4655 1632 4714 collocarentur.
1644 4657 1820 4723 Quantosn-

118 4752 219 4808 minus
234 4766 322 4823 quam
339 4751 370 4805 in
390 4752 485 4805 vestro
510 4745 612 4803 ordine
635 4746 764 4803 66661166
787 4745 817 4802 16
842 4760 875 4801 66
899 4743 943 4801 61·
996 4751 1055 4804 166
1072 4743 1242 4802 666666166
1257 4743 1464 4815 contemplatio
1477 4748 1637 4818 apostolico
1652 4747 1692 4805 611
1707 4748 1821 4820 specio·

116 4840 206 4896 61166.
996 4836 1058 4892 6166
1071 4836 1220 4903 exercitio,
1235 4833 1320 4891 166116
1335 4840 1380 4890 661
1394 4835 1498 4893 666166
1513 4840 1677 4911 Gregorius,
1694 4838 1744 4910 qui
1762 4855 1822 4895 mc·

152 4929 218 4986 lam
230 4926 266 4982 cd
278 4925 437 4983 secundam
448 4941 567 4981 oausam
577 4922 814 4989 veniamliicite.
826 4926 941 4980 tanturn
996 4925 1110 4982 nacbus
1124 4925 1161 4980 de
1175 4924 1303 4981 claustro
1317 4924 1406 4994 66166,
1429 4929 1458 4981 61
1481 4926 1680 4998 apostolatum
1703 4942 1819 4983 sumere

118 5020 191 5076 66116
201 5016 379 5085 6161666166
390 5013 678 5071 666661611616611661
687 5014 876 5087 66166611666
884 5030 944 5071 666·
996 5021 1125 5083 coactus,
1136 5015 1223 5072 661161
1239 5014 1267 5071 16
1278 5013 1409 5086 epistolis
1420 5014 1484 5073 suis
1492 5032 1521 5072 se
1530 5018 1611 5088 gravi
1623 5017 1730 5072 damno
1748 5015 1817 5073 61111·

117 5101 941 5169 16666161,666661661161616166166116616,1666166666·
995 5110 1089 5171 6166,
1105 5105 1297 5178 prohibetque
1313 5121 1345 5160 se
1371 5105 1465 5162 vorari
1491 5103 1604 5173 Noemi,
1629 5106 1657 5162 id
1683 5112 1728 5162 est
1752 5105 1819 5179 pul·

117 5191 720 5266 66166,61666616666166661.1166661661
732 5192 843 5249 666616
853 5193 942 5248 61166
995 5197 1108 5264 chrum,
1123 5195 1272 5251 sedcoccte
1286 5210 1340 5259 me.
1367 5194 1473 5267 inquit,
1499 5195 1690 5267 1166611161.
1717 5213 1738 5264 ι,
1762 5199 1818 5268 20).

116 5286 291 5344 6116116666
306 5280 557 5341 6666666661116
572 5281 667 5354 61666,
683 5286 712 5337 61
735 5280 788 5338 hoc
813 5282 942 5338 maxima
997 5287 1130 5357 itemque
1142 5283 1305 5356 deplangit,
1321 5286 1399 5357 6666
1416 5300 1482 5340 666
1500 5290 1629 5341 6666661
1643 5285 1758 5355 1166661,
1769 5287 1820 5346 Lis

117 5395 185 5450 parc
198 5391 313 5432 666666
327 5379 436 5430 666166
450 5376 515 5442 661,
532 5372 595 5442 ejus
609 5374 708 5428 autem
722 5371 868 5444 reliquum
878 5371 941 5445 ipss
996 5372 1053 5431 sibi
1068 5373 1220 5445 supposita
1234 5376 1322 5429 esset.
1339 5371 1393 5428 Per
1408 5372 1518 5429 Rachel
1534 5388 1606 5429 sane
1617 5376 1818 5436 monachicam

118 5463 309 5525 monachicus
323 5462 464 5533 estcrdo,
481 5463 631 5535 61666666
657 5471 780 5535 6166666
802 5461 941 5535 perlecta,
995 5461 1284 5536 contemplationem,
1309 5477 1361 5535 per
1387 5460 1464 5518 biam
1489 5467 1589 5521 sutem
1626 5467 1818 5540 apostolicam

116 5556 183 5629 1666
193 5555 306 5617 ebdom
316 5552 454 5617 61661666
463 5552 616 5614 61616666
626 5550 876 5627 digitissignanda
885 5558 940 5624 661,
995 5550 1818 5630 significansaoticnem.Neeignoramosspostclicilasti·
