3950 6034
173 250 232 314 82³
673 244 886 310 HERMANNI
907 243 961 306 Ex
981 242 1119 306 JUDAEO
1139 239 1376 306 cneis‘rturtl
1572 289 1577 295 .
1819 241 1874 307 824

174 386 271 445 samis
299 383 516 456 corruptionem
537 388 685 455 expertus,
708 380 750 436 ita
764 383 891 437 mentem
903 393 999 435 meam
1015 378 1116 448 Ater,
1130 376 1297 449 extorqueri
1314 378 1413 449 posset
1425 389 1575 444 assensus,
1591 390 1670 431 unus
1684 373 1874 432 assidentium

174 477 289 533 lubrica
303 474 456 531 delectatio
471 477 501 530 et
512 471 655 545 copulatae
670 470 744 526 mibi
763 468 898 541 conjugis
912 484 1004 524 exea·
1058 466 1099 523 ibi
1127 465 1298 524 olorinorum
1324 466 1504 523 obstinatam
1539 464 1637 523 cordis
1666 465 1721 521 mei
1756 480 1874 523 cernens

175 565 249 623 csvit
281 565 413 631 allectus,
438 567 482 632 nt,
518 561 597 634 qnod
628 565 763 616 extrema
789 558 1004 631 desperationis
1058 554 1619 627 duritiamztlnr,inquit,nmagister,
1645 555 1874 611 onrirnstraui·
1948 545 1949 554 ’

175 652 250 711 solat
264 668 330 710 esse
345 653 539 722 iudiciumne
553 652 650 725 ipsum
665 649 783 722 quidem
794 646 1003 720 gravissimum
1058 644 1154 702 terisi
1168 645 1242 710 Ouid
1259 645 1288 699 in
1312 648 1435 700 ventum
1450 645 1539 701 verba
1561 643 1681 701 lundis?
1695 644 1770 711 Quid
1786 660 1875 701 arena
1949 651 1950 720 Ῑ

178 746 282 805 anima
298 760 368 801 mem
385 760 500 816 possem
512 743 620 799 sentire
644 743 823 810 languorem.
836 740 910 804 Quia
925 739 1004 795 anim
1058 736 1172 792 semina
1188 733 1388 791 manumissis
1400 733 1876 807 equidem,testeApostolnnsqua
1950 779 1951 804 ,

180 834 290 907 nullas,
306 841 340 892 ut
354 838 451 903 antea,
476 835 670 892 tentationum
687 831 835 888 molestias
853 845 1004 902 superare,
1059 823 1089 880 in
1105 824 1281 881 hodiernum
1308 822 1397 890 diem,
1413 838 1479 880 cnm
1495 822 1603 896 legitur
1625 821 1735 880 iudaeis
1756 822 1878 897 blnysea,
1950 827 1951 838 ¹

180 929 281 997 utpote
296 925 347 999 qni
361 925 471 983 eisdem
487 924 633 982 enerviter
657 938 708 995 per
719 921 817 978 omnin
829 920 925 975 victus
939 918 1007 975 snb·
1059 913 1191 970 velamen
1207 913 1334 987 positum
1350 922 1495 986 estsuper
1510 928 1560 970 cor
1581 928 1682 969 acrum
1697 914 1738 985 (ii
1750 912 1811 970 Cer.
1827 915 1877 985 ru).
1950 963 1951 974 ,

180 1018 325 1094 tacebam,
354 1016 473 1072 beatum
497 1013 588 1070 mein
618 1010 760 1068 bacialsa
780 1008 916 1066 vitiorum
933 1022 1006 1080 paca
1059 1003 1269 1070 Hocaudiens,
1296 1003 1418 1059 etnnde
1441 1001 1521 1058 verbi
1541 1002 1630 1072 hujus
1655 1003 1770 1059 occasio
1791 1005 1881 1059 tracta

180 1114 334 1182 reputans,
358 1104 432 1178 ompi
448 1120 514 1164 cunt
530 1118 650 1159 summe
672 1099 732 1156 iilic
746 1098 843 1156 carnis
857 1097 1007 1171 voluptate
1060 1093 1144 1161 iuret,
1161 1095 1423 1165 optime,tnnqunm
1439 1094 1469 1148 in
1485 1091 1581 1148 Veteri
1601 1092 1788 1149 Testamenta
1801 1108 1879 1148 eser·

176 1202 289 1273 jacere,
318 1212 375 1268 quc
403 1210 450 1250 me
480 1199 547 1249 anta
574 1190 727 1247 timueram
759 1187 949 1261 precipitare.
972 1185 1007 1244 iit
1060 1182 1177 1251 citatus,
1193 1181 1371 1254 intelligens,
1386 1181 1574 1238 vehementer
1600 1181 1713 1253 expavi,
1728 1186 1879 1254 reputans,
1952 1259 1953 1268 ἵ

179 1289 257 1348 siout
273 1286 309 1342 de
332 1282 496 1355 conjugatis
521 1278 692 1352 apestolus,
718 1278 782 1347 Qui,
811 1276 916 1348 iuquit,
944 1291 1007 1332 cant
1061 1286 1097 1325 ne
1111 1270 1194 1340 iente,
1209 1270 1287 1326 sicut
1301 1268 1354 1325 tilii
1370 1270 1518 1341 quondam
1535 1271 1626 1326 lsrael
1642 1269 1835 1326 clarificatam
1852 1270 1879 1325 in

178 1393 268 1438 neore
289 1383 341 1444 est,
368 1371 507 1430 sollicitas
535 1374 586 1438 ast,
613 1385 672 1441 qna
695 1374 761 1425 sant
788 1366 887 1422 maadi
914 1366 995 1437 bttjtn
1061 1358 1368 1433 montelinysilacien:
1386 1359 1513 1416 nonnisi
1527 1358 1590 1416 velo
1605 1359 1881 1429 mediantequibant

176 1465 309 1542 quomedo
328 1463 436 1535 placeat
459 1460 553 1528 neeri,
583 1459 608 1514 et
623 1456 729 1513 divisas
752 1465 792 1513 est
807 1457 831 1528 (l
858 1456 918 1512 Cer.
936 1454 1005 1533 vn),
1060 1449 1190 1522 aspicere
1202 1447 1296 1519 (deod.
1311 1450 1417 1521 xxxiv),
1433 1450 1476 1505 sic
1505 1464 1559 1521 ego
1576 1449 1732 1523 mysticum
1749 1449 1879 1505 Massica

178 1551 342 1630 paveri„
372 1549 583 1615 mundijwrss
613 1545 686 1619 coepi
715 1546 852 1615 defluere,
873 1543 1007 1617 nimique
1060 1536 1879 1611 iegiaintelleotum,uequaqusmvelutinterpositisqui·

182 1645 243 1717 jam
254 1656 367 1709 eornm,
378 1654 444 1712 qna
458 1637 508 1694 Dei
524 1640 752 1709 suntquerare,
767 1633 876 1691 sedhic
892 1634 1005 1690 snium-
1060 1627 1184 1683 busdam
1195 1626 1357 1683 carnalium
1377 1627 1538 1700 figurarum
1556 1627 1762 1694 umbris‚clara
1778 1626 1879 1684 mentis

181 1732 269 1789 modo
285 1729 394 1787 libebat
410 1741 527 1799 speram
544 1725 624 1795 dara,
641 1725 717 1780 unde
732 1739 846 1795 sponsa
858 1738 927 1779 mea
939 1739 1041 1817 pos-B
1059 1717 1121 1773 scie
1137 1731 1251 1787 possem
1274 1717 1428 1789 attingere.
1456 1720 1570 1773 Rursus
1585 1717 1685 1789 itaque
1698 1715 1808 1774 auxius
1829 1733 1879 1772 aa·

180 1838 242 1880 sem
255 1818 349 1877 aculis
364 1815 554 1889 complacere.
1057 1810 1141 1863 tuars
1163 1806 1248 1878 ompi,
1273 1806 1391 1864 nescius
1420 1805 1489 1878 qnid
1504 1821 1634 1879 agerem,
1657 1806 1787 1879 qualiter
1801 1806 1882 1863 hoca

179 1915 257 1974 Cn·
273 1911 325 1972 xp,
341 1941 382 1956 ..
407 1904 637 1988 (ppflmodopm
663 1903 869 1985 obligationem
883 1908 1000 1973 „pm-tp,
1060 1896 1221 1952 nordemec
1236 1893 1367 1953 velamen
1383 1894 1757 1964 removeram,utrovelstin
1775 1895 1879 1952 mentis

200 1984 974 2066 tursumot'rennert'tntemn'tejasrenonensndenntio.
1059 1983 1263 2041 canicularem
1289 1985 1420 2040 veritatis
1445 1983 1538 2041 lucem
1567 1984 1674 2040 intueri
1689 1985 1827 2058 [pomam.
1841 1983 1879 2039 id

212 2087 351 2146 Decursis
363 2092 462 2142 sutem
479 2083 778 2148 tribusmansibus,ox
789 2097 847 2155 qno
862 2080 1001 2154 letargica
1057 2074 1171 2131 Patrem
1188 2089 1258 2147 ergo
1268 2074 1416 2130 luminum
1441 2075 1568 2131 contrito
1582 2079 1612 2130 st
1625 2074 1784 2131 humiliato
1798 2075 1880 2131 corde

177 2179 232 2237 hnc
248 2177 355 2235 anima
371 2190 441 2232 mee
457 2173 709 2246 morbcomperam
725 2170 929 2239 laborare,i)en
944 2170 1002 2227 mi·
1057 2164 1203 2236 coniugio,
1229 2162 1401 2237 flebilesque
1427 2168 1456 2219 in
1473 2167 1630 2236 conspectu
1656 2164 1796 2221 bonitatis
1812 2165 1872 2235 ejus

183 2271 312 2335 seranta,
341 2266 377 2322 sd
393 2280 443 2320 cor
470 2261 597 2330 rediens,
620 2260 733 2333 etquis
748 2260 907 2333 [quasilds
921 2257 1003 2331 grsvi
1059 2268 1159 2328 preces
1174 2258 1337 2325 prosterno,
1362 2253 1571 2310 clamanscum
1591 2251 1745 2310 Psalmista
1762 2270 1770 2309 :
1787 2253 1881 2309 Recolo

181 2354 593 2429 priorisignornntitesomnn
609 2349 1004 2424 expergiscens,perpendere
1058 2344 1245 2413 ocnlormeos,
1264 2349 1292 2401 et
1314 2343 1491 2402 mnaidsrnio
1518 2343 1665 2400 mirabilia
1691 2343 1724 2400 da
1743 2343 1808 2418 lege
1825 2347 1879 2402 itta.
1957 2335 1958 2342 '

180 2439 1006 2517 coepi,undeparnegligentiamcecidissem,etinqnanta
1058 2436 1099 2492 ilc
1119 2435 1190 2491 mili
1212 2435 1391 2502 intellectum,
1413 2440 1441 2491 et
1462 2436 1606 2491 scrutabor
1629 2434 1717 2506 legem
1744 2441 1833 2502 taum,
1855 2439 1880 2491 et

184 2532 350 2610 [quantam]
378 2530 491 2586 misera
506 2528 707 2586 delectationis
730 2527 898 2601 voraginem
919 2529 1004 2586 deve·
1059 2526 1213 2583 custodiam
1240 2527 1320 2583 ittam
1342 2529 1372 2582 in
1396 2524 1543 2582 totocorde
1572 2539 1634 2581 mro
1658 2525 1746 2596 (Ptol.
1775 2525 1880 2597 nsvin).

182 2623 300 2682 nissam.
317 2621 351 2678 nt
379 2621 508 2693 qnando,
533 2623 566 2675 ut
580 2618 698 2691 legitur,
715 2618 769 2687 Qui
790 2619 905 2689 opponit
919 2618 1007 2673 tmen·
1058 2620 1096 2673 nt
1109 2616 1198 2685 qnod,
1213 2615 1388 2673 Christianis
1401 2613 1584 2684 docentibus,
1600 2629 1709 2687 magna
1724 2614 1880 2688 [magnam]

182 2714 263 2784 tiam,
277 2711 390 2784 apponit
414 2709 570 2766 etdelorem
592 2708 693 2780 (Ereta
706 2707 739 2780 t),
766 2708 838 2778 coepi
865 2705 895 2762 in
915 2706 1006 2777 hujus
1060 2720 1125 2761 esse
1139 2720 1227 2761 sacre
1242 2704 1338 2762 crucis
1364 2704 1502 2761 virtutem
1517 2718 1699 2776 agnoveram,
1717 2703 1881 2776 frequenter

182 2802 307 2860 miseriae
343 2816 414 2857 men
457 2798 720 2857 considerationem
750 2796 1007 2871 [consideratione]
1061 2792 1881 2867 cormenmsignoajusdemcrucisconsignabameid-

181 2892 260 2965 gravi
271 2891 429 2964 compungi
458 2888 567 2956 dolere,
584 2904 680 2960 pugno
696 2891 798 2958 pactus
814 2888 946 2952 tundere,
963 2890 1008 2941 st·
1062 2885 1249 2941 cacissimttm
1261 2884 1342 2941 iilius
1356 2900 1421 2941 esse
1435 2898 1559 2956 sperans
1574 2882 1729 2952 auxilium,
1741 2884 1779 2939 sd
1799 2884 1882 2939 hoca

182 2998 239 3055 qus
259 2982 336 3037 inter
359 2979 461 3035 crebra
476 2976 603 3050 suspiria
626 2977 768 3048 lacrymas
789 2975 914 3031 ubertim
940 2992 1007 3047 pro·
1063 2974 1394 3047 maveiamenpertldisa
1424 2973 1642 3030 removendum.
1671 2971 1727 3030 Sed
1750 2970 1881 3045 quidillo
1960 3003 1961 3028 t

185 3071 318 3135 tundere,
330 3067 471 3124 miserum
488 3070 578 3121 meet
602 3064 745 3122 infelicem
762 3065 912 3137 prolitens,
927 3065 1007 3136 qnod
1062 3064 1243 3120 sevissimus
1255 3069 1283 3120 et
1298 3064 1377 3119 milio
1390 3064 1496 3121 artium
1510 3062 1605 3119 bostis
1620 3068 1730 3134 egerat,
1744 3079 1812 3119 num
1828 3077 1880 3131 me,

187 3163 306 3233 propter
327 3155 473 3212 modicam
490 3155 586 3210 carnis
614 3152 835 3209 delectationem
848 3155 877 3208 in
893 3158 1007 3208 tantam
1025 3115 1149 3225 cquem
1166 3153 1409 3225 periniidelitatis
1424 3152 1709 3225 laquacssdbnosnb
1720 3152 1879 3227 tyrannidis

185 3263 233 3304 me
248 3244 419 3318 perditionis
433 3243 597 3315 voraginem
612 3241 851 3314 praecipitassem.
864 3242 904 3297 iix
919 3241 1008 3312 hujus
1062 3260 1122 3299 sum
1136 3242 1246 3299 ditione
1270 3244 1419 3315 captivum
1447 3243 1576 3309 tenebat,
1605 3241 1656 3298 tali
1675 3243 1831 3300 advorsum
1849 3257 1879 3298 aa

183 3335 273 3408 igitur
288 3332 520 3407 compunctionis
535 3331 788 3403 gratiaresnmpta
803 3330 955 3403 paululum
971 3331 1007 3387 de
1062 3332 1195 3404 presidio
1207 3333 1316 3389 armari
1340 3331 1546 3404 conspiceret?
1561 3329 1613 3388 Vei
1628 3333 1748 3404 qnando
1763 3348 1879 3390 suumn

184 3423 268 3495 larga
283 3422 334 3478 ilei
360 3420 465 3494 pietate
494 3418 611 3488 fiducia,
632 3419 702 3491 cmpi
720 3418 883 3493 superfluas
908 3421 1007 3476 seculi
1061 3420 1877 3493 semancipium,qnod1usiistsnsbstlegibus,libernm

185 3527 272 3569 curas
286 3510 322 3567 ab
342 3508 440 3567 enimn
468 3524 611 3576 resecare,
629 3508 726 3565 carnis
754 3508 1008 3583 concupiscentits
1061 3513 1210 3584 pateretur
1228 3512 1393 3577 abscedere,
1409 3509 1460 3582 qni
1474 3509 1556 3583 ipsos
1569 3524 1685 3581 qnoque
1706 3508 1823 3567 Domini
1836 3508 1879 3564 sni

186 3598 373 3656 continentia
401 3598 482 3655 irene
497 3606 656 3666 coarctare,
680 3602 710 3655 et
725 3597 803 3655 sicut
818 3600 1006 3656 exhibueram
1060 3598 1272 3670 servna‚ildeles
1288 3614 1420 3671 quasque
1447 3597 1540 3671 impia
1551 3604 1581 3655 et
1602 3597 1701 3655 illicita
1717 3614 1775 3654 non
1791 3601 1880 3655 cesset

185 3689 318 3745 membra
341 3703 406 3745 mea
434 3703 515 3743 arma
538 3685 703 3759 iniqnitatis
730 3693 858 3761 peccato,
887 3687 928 3744 ita
956 3703 1009 3760 per
1062 3688 1232 3746 crudelitate
1247 3688 1449 3762 persequendo
1466 3687 1879 3761 captivsreilgiturqnomi·

186 3778 286 3835 omnis
303 3778 406 3834 eadem
431 3775 531 3833 studui
555 3775 690 3833 exhibere
703 3793 784 3833 arma
800 3777 922 3849 justitia
939 3782 1006 3835 Deo.
1062 3796 1119 3835 nus
1133 3783 1251 3835 cantum
1268 3778 1383 3836 iaoiiins
1399 3783 1498 3850 posset
1513 3778 1880 3851 seducere,inangeinmas

184 3867 343 3926 pristinam
359 3882 426 3923 vcro
441 3865 538 3922 adbuc
553 3867 589 3922 de
602 3866 747 3923 contraria
766 3867 821 3923 sibi
839 3866 1008 3924 Judncrnm
1061 3866 1135 3924 lucis
1150 3867 1453 3940 transfiguravitdnm
1470 3869 1763 3939 menonapertajam
1780 3867 1880 3933 tronto,

185 3962 214 4017 et
227 3957 459 4013 Christianorum
486 3955 543 4011 ilde
558 3954 686 4012 retinens
701 3956 1008 4020 dubietatomnniene·
1062 3957 1112 4015 sed
1129 3956 1229 4013 subtili
1245 3956 1347 4012 irsude
1361 3956 1591 4028 oppugnandum
1604 3956 1733 4029 expetiit.
1747 3955 1882 4013 ldsudata

185 4062 243 4119 qua
255 4049 314 4102 sine
329 4045 382 4114 fide
398 4042 570 4116 impossibile
584 4060 649 4102 esse
661 4043 770 4115 placere
787 4050 840 4101 Dec
856 4044 1006 4118 (detrun),
1062 4046 1170 4119 quippe
1184 4046 1258 4118 logis
1279 4045 1316 4101 ad
1339 4045 1509 4101 memoriam
1538 4045 1610 4101 mibi
1626 4045 1712 4118 ompit
1736 4046 1881 4112 reducere,

185 4134 306 4206 siquod
336 4134 520 4205 emne,qu0d
550 4148 605 4189 nen
629 4138 668 4188 est
693 4134 805 4205 enfide,
825 4139 1008 4203 peocntnmest
1062 4138 1215 4207 interque
1230 4138 1259 4190 et
1281 4134 1336 4191 hcc
1350 4132 1459 4191 ludaeis
1475 4140 1650 4206 preceptum
1680 4131 1880 4204 inoratOEsed.

185 4223 273 4295 (Rem.
291 4223 360 4294 nv),
389 4222 486 4277 conari
504 4238 622 4278 rursum
645 4221 730 4291 coepi,
747 4222 770 4278 si
787 4224 934 4295 quomodo
949 4230 1008 4280 Deo
1060 4225 1166 4294 xxxiv),
1182 4228 1213 4279 nt
1227 4222 1257 4278 in
1273 4221 1353 4279 nullo
1369 4223 1487 4294 penitus
1502 4223 1672 4279 immundos
1685 4237 1719 4279 aa
1734 4222 1880 4279 Deoexso-

186 4312 312 4386 propitio
328 4310 835 4384 bajusdacardemenambignitatis
850 4310 1007 4382 caliginem
1062 4311 1329 4383 arabilesgentiom
1360 4312 1435 4367 ritus
1465 4311 1662 4376 imitarentur,
1689 4306 1881 4383 neqnnssibi

184 4399 357 4478 propellere,
372 4405 401 4456 et
429 4416 502 4456 vera
517 4399 583 4456 iidei
613 4398 711 4456 iumen
736 4415 849 4471 possem
865 4401 1007 4457 iuvenire.
1063 4405 1138 4457 Deus
1152 4417 1187 4456 cr
1201 4400 1339 4456 omnibus
1365 4399 1533 4456 nationibus
1549 4402 1578 4456 ia
1595 4398 1738 4473 populum
1757 4398 1881 4473 peculia·

185 4492 286 4562 itaque
304 4489 383 4545 siunt
407 4493 493 4544 antea
508 4488 704 4561 peritissimos
720 4488 853 4545 Ecclesia
874 4489 1007 4547 doctores
1023 4480 1046 4546 ll
1063 4505 1123 4545 rem
1140 4488 1266 4561 elegerat
1281 4488 1370 4562 (neat.
1386 4489 1445 4560 vit),
1461 4487 1577 4545 iliarum
1595 4489 1840 4560 superstitionum
1854 4487 1881 4541 in

185 4576 516 4649 diligenterreqnircna,
545 4578 709 4634 sunabeis
726 4578 792 4633 tidei
814 4576 1006 4648 etreiigienis
1062 4579 1160 4652 aliquo
1173 4580 1328 4652 participes
1357 4584 1409 4635 aut
1424 4578 1593 4635 consimiles
1609 4579 1788 4635 viderentur.
1804 4573 1882 4642 Quod

184 4666 267 4738 exige
283 4666 435 4722 rationem.
465 4665 557 4731 Quam
579 4667 621 4723 eis
650 4666 853 4735 copiosissimo
877 4666 947 4722 ntibi
971 4684 1006 4722 ex
1061 4668 1347 4725 idencallidissimna
1375 4666 1590 4724 hastisieeisae
1609 4668 1882 4735 credeudnsest,nt

185 4752 285 4812 multis
298 4754 514 4826 scripturarum
541 4754 718 4810 testimoniis
732 4760 761 4811 et
787 4755 873 4811 variis
893 4754 1006 4812 Veteris
1059 4757 1250 4813 intentionem
1275 4771 1369 4812 meam
1385 4772 1417 4812 sc
1438 4754 1551 4813 facilins
1573 4756 1752 4829 sprnpcsite
1770 4772 1825 4813 suc
1839 4770 1881 4811 re·

186 4843 365 4901 Testamenti
398 4842 500 4915 liguris
515 4841 714 4912 reddentibus,
744 4859 797 4916 ego
823 4844 1006 4900 dumordine
1061 4845 1199 4911 traheret,
1215 4843 1285 4916 quia
1309 4860 1361 4915 per
1381 4842 1437 4900 hnc
1465 4860 1511 4900 me
1537 4843 1610 4917 legis
1636 4844 1882 4914 prevaricatorem

185 4935 362 5005 praepnstero
394 4931 481 4986 iidem
499 4929 647 4987 intellectu
674 4930 807 4988 volebam
836 4933 1005 5004 prevenire,
1060 4932 1400 4990 essocstenderet.Nsm
1425 4932 1467 4988 ita
1484 4933 1662 4990 factumest.
1679 4932 1756 5004 (impl
1778 4932 1881 5006 quippo

182 5022 219 5081 sd
235 5021 396 5094 ipsum,qni
414 5020 481 5076 iidei
499 5021 601 5076 meritc
616 5025 812 5093 comparatur,
825 5019 1006 5078 intellectum
1063 5023 1203 5078 instinctu
1220 5020 1363 5078 diabolico
1390 5021 1517 5094 graviter
1532 5038 1622 5093 super
1645 5022 1701 5079 boc
1713 5021 1790 5080 iacto
1805 5020 1881 5078 reiut

183 5111 352 5169 nuliatenus
376 5108 510 5166 valebam
539 5110 699 5181 pervenire,
731 5108 1006 5165 secundnmvncetn
1062 5111 1166 5167 divinas
1181 5109 1255 5184 legis
1284 5113 1485 5183 transgressor
1512 5112 1630 5184 propris
1653 5112 1791 5185 redargui
1812 5127 1881 5168 con-

183 5199 329 5272 propbeta
345 5199 469 5255 dicentia
483 5214 490 5255 ι
502 5197 563 5255 nni
576 5196 760 5269 credideritis,
777 5214 831 5254 nott
844 5197 1007 5267 intelligetis
1061 5199 1194 5270 scientis,
1210 5204 1241 5257 et
1265 5216 1317 5272 pro
1332 5199 1539 5272 consequenda
1567 5200 1669 5272 bnjus,
1684 5206 1715 5258 ut
1731 5202 1880 5273 putabam,

182 5290 249 5361 (lta.
262 5289 324 5361 vta).
355 5288 486 5353 Quadam
510 5303 577 5343 vero
592 5286 639 5344 die
660 5287 782 5357 contigit
801 5303 848 5342 me
871 5303 937 5343 oum
955 5303 1007 5343 nn·
1060 5288 1241 5347 enormitatis
1253 5289 1443 5363 induigentia,
1468 5290 1608 5347 distincta
1623 5306 1670 5346 ma
1691 5290 1880 5364 lacrymarum

182 5376 293 5433 minato
308 5377 435 5448 qnndam
452 5375 594 5449 magistro
618 5375 827 5447 disputationis
847 5375 921 5432 inire
935 5391 1007 5433 con·
1062 5379 1281 5451 otiejnnicrum
1292 5378 1434 5450 castigare
1445 5377 1703 5451 penitentialem
1718 5378 1880 5435 necantem

182 5463 437 5536 iliciumcumqne
451 5464 481 5520 in
494 5463 614 5537 longum
631 5480 765 5521 sermone
780 5468 928 5522 contracto
943 5465 1008 5522 nul·
1062 5469 1098 5524 ab
1121 5467 1178 5525 huc
1205 5467 1352 5525 dementia
1376 5466 1411 5523 ad
1439 5471 1565 5526 mentem
1594 5466 1721 5535 rediens,
1753 5473 1781 5523 et
1810 5467 1879 5523 banc

183 5551 230 5608 ius
245 5568 263 5608 s
277 5567 323 5607 nte
338 5567 451 5622 aarum,
462 5568 526 5625 qun
540 5552 732 5625 probabiliter
745 5553 782 5612 ab
797 5552 846 5612 illc
868 5553 1007 5615 diceban·
1063 5557 1262 5631 peonitentiam
1272 5572 1330 5615 non
1341 5554 1523 5629 placationis,
1535 5556 1586 5614 sed
1607 5554 1704 5628 magis
1714 5552 1880 5616 offensionis
