3950 6034
90 328 149 391 il'l
601 333 654 395 DE
675 330 822 397 utitute
842 322 1023 394 OFFIGIIS.
1048 362 1086 378 u-
1106 328 1181 395 utu.
1204 335 1288 399 vm.
1736 346 1797 408 238

3 438 4 461 ἒ
86 482 167 525 eum.
183 467 265 525 'Iulii
279 466 357 526 illico
372 467 502 542 Sephura
516 468 719 528 acutissimam
737 472 863 542 petram,
889 470 918 525 et
934 464 961 538 Α
978 469 1139 526 secundum
1156 468 1313 527 loannem.
1331 472 1475 530 comesset
1494 491 1554 534 aare
1575 478 1618 535 dic
1638 480 1686 535 itin
1713 482 1793 553 (Iona

87 554 274 615 atreumcidlt
290 558 463 629 preputium
485 558 537 614 utu
562 560 620 625 sui,
647 558 801 632 tetigitque
826 558 912 627 pedes
965 562 1092 626 xx).etc.
1109 559 1696 636 Nannetlitteralaciionishujusoctauam
1714 572 1792 630 diem

86 652 161 721 ejus,
177 652 207 705 et
221 649 262 706 ait
278 654 428 719 :sponsus
444 652 622 723 sanguinum
635 656 664 705 tu
682 646 755 706 mihi
766 666 807 706 es.
823 649 857 706 ut
868 649 914 704 di·
966 655 1197 707 commemnrat:
1214 652 1247 706 Et
1260 662 1316 719 ptest
1329 654 1388 708 dica
1403 666 1462 709 ectu
1476 657 1587 720 iterum,
1603 658 1798 732 inquit,srant

88 736 171 795 misit
184 745 422 811 sumpostquam
438 738 510 795 dixit
524 741 549 795 ei
566 739 719 812 :Sponsus
734 740 913 808 sanguinum
965 738 1099 811 discipuli
1113 742 1188 796 intua
1208 740 1277 812 (ibid
1290 741 1310 815 ).
1335 748 1364 799 et
1388 745 1509 802 interior
1534 764 1639 806 sensus
1665 760 1797 810 octavam

86 830 119 884 iu
138 827 212 884 mibi
227 844 257 884 es
272 828 310 885 ub
325 828 578 885 circumcisionem
595 829 690 901 (Eunai.
706 829 754 900 av).
770 848 785 880 n
798 826 913 901 Moyses
966 833 1157 888 beatitudinis
1174 849 1291 889 causam
1305 850 1361 890 non
1375 839 1624 909 praetergreditur.
1635 843 1707 909 Qutd
1721 844 1798 900 enirn

3 912 5 933 ³
87 928 227 990 namque,
243 917 272 973 ln
289 932 323 973 eo
336 917 413 990 quiid
428 917 589 989 Sephoram
602 916 835 974 uxorem'babuit
847 915 915 971 alie·
964 920 1101 991 estquod
1118 920 1278 993 dtsclpulia,
1296 924 1406 980 inalbus
1421 924 1541 993 clausis,
1558 933 1634 986 intro
1651 936 1794 987 manenti-

87 1007 238 1080 uigenam,
254 1005 401 1063 Christum
419 1006 576 1080 significat,
592 1007 642 1080 qui
658 1004 913 1076 degentibusalis·
965 1009 1030 1078 bus,
1046 1004 1225 1066 Dominusln
1238 1011 1536 1071 mediostetitbonum
1549 1017 1645 1074 serens
1657 1021 1795 1077 nuntium

3 1132 5 1159 ,
86 1096 225 1169 bigenem
247 1096 354 1167 aceepit
379 1112 509 1166 uxorem,
534 1094 704 1153 Ecclesiam.
727 1092 811 1151 Unde
841 1093 912 1150 illud
965 1098 1493 1175 consulationlsetpacis,uisiquod
1518 1106 1565 1162 hIs
1587 1108 1637 1177 qui
1661 1125 1796 1180 persecu·

3 1244 5 1249 ,
83 1185 164 1259 quod
180 1204 195 1236 ιι
213 1190 308 1241 aaron
325 1187 353 1239 et
365 1185 456 1241 Maria
471 1183 559 1241 locuti
575 1194 645 1241 suut
666 1188 768 1240 eontra
794 1182 912 1256 Moysen
965 1186 1074 1245 tionem
1087 1190 1364 1261 propterJustitiam,
1377 1196 1601 1267 quosquejuxta
1612 1196 1795 1257 aliumevau·

80 1282 201 1347 propter
216 1275 399 1345 uaaremejas
414 1270 623 1344 AEtbiopissam
633 1274 728 1341 (Num.
743 1272 805 1344 xii),
823 1293 837 1322 ιι
857 1272 912 1328 dn·
964 1277 1099 1350 gelistam
1115 1280 1241 1336 oderunt
1256 1281 1389 1339 homines
1404 1288 1432 1339 et
1447 1292 1583 1358 separant
1599 1303 1649 1343 eos
1665 1288 1792 1362 (Iucu),

80 1370 177 1421 eiures
191 1363 285 1419 nostri
302 1363 422 1437 mystice
438 1364 474 1418 ad
491 1364 545 1421 boo
561 1364 701 1428 natarunt,
721 1362 797 1432 quod
821 1361 913 1435 Syna·
963 1366 1039 1422 sicut
1050 1369 1114 1439 jam
1129 1369 1251 1443 apostoli
1265 1372 1389 1444 separati
1404 1378 1564 1441 eraut,non
1576 1377 1730 1435 audientes
1747 1395 1792 1436 co·

79 1468 156 1527 goga
171 1456 299 1508 etvetus
314 1452 511 1508 sacerdotium
529 1452 617 1518 106,
640 1450 797 1506 invidendo
822 1449 910 1505 saluii
962 1472 1025 1512 ram
1039 1457 1097 1512 iliis
1108 1461 1738 1532 procatcrcactpubiicumuommuactusus
1749 1468 1793 1539 ip.

80 1539 911 1618 gantiamuaqnanodiccuriatumblasphematadttorses
963 1548 1790 1627 sorumiumiiiarissesesceummodatcontemplandum,

3 1620 4 1635 ¹
80 1634 180 1705 itaque
196 1649 263 1689 carm
279 1640 355 1690 esset
368 1631 554 1688 initinersiu
566 1630 734 1697 diversorio,
748 1651 763 1681 ιι
778 1630 910 1686 nundum
963 1634 1202 1707 ulgustentjnm
1218 1635 1248 1691 iu
1260 1635 1322 1692 suis
1338 1637 1588 1705 tribulationibus,
1620 1644 1652 1697 ut
1671 1640 1790 1697 videant

81 1719 910 1787 circumcisistiliis,«oocurriteiDominusetvolsbaleum
963 1720 1110 1793 quomodo
1126 1722 1224 1780 suavis
1239 1731 1284 1781 est
1296 1726 1437 1783 Dominus
1455 1729 1543 1796 (Paul.
1564 1729 1677 1803 xxxin),
1700 1734 1789 1802 atque

3 1864 5 1887 ,
79 1812 235 1881 occidere;
252 1811 428 1884 aquiadum
439 1810 572 1866 Christus
584 1810 659 1866 inter
670 1808 907 1881 uespertidemin
926 1840 950 1909 B
965 1809 1029 1865 ideo
1044 1811 1149 1866 certior
1164 1829 1231 1882 spes
1248 1811 1313 1869 illos
1329 1813 1357 1869 in
1375 1815 1470 1871 medio
1481 1815 1793 1874 tribulationisambu·

77 1900 183 1956 itinere
198 1901 263 1955 vitae
280 1899 429 1969 praesentis
450 1897 618 1967 ambulans,
639 1898 668 1953 in
685 1896 845 1954 diversorio
867 1903 913 1953 est
967 1897 1060 1954 lantes
1076 1900 1255 1967 consoletur,
1272 1901 1432 1958 recolentes
1448 1903 1474 1959 id
1493 1906 1572 1977 quod
1594 1905 1654 1977 illa,
1681 1906 1791 1979 deque

3 2014 4 2027 ι
77 1980 106 2044 id
125 1993 173 2044 est
187 1988 223 2044 ad
240 2004 289 2044 eos
315 1982 365 2060 qui
385 2003 463 2043 nunc
489 1986 684 2060 baptizantur,
701 1985 828 2051 divertit,
855 1983 911 2040 nisi
966 1987 1123 2060 loquimur,
1140 1990 1285 2047 sententia
1308 1989 1477 2064 replicando
1498 1994 1647 2051 incuicare
1671 1997 1784 2054 nititur.

76 2076 119 2134 illi
132 2077 188 2134 lilii
203 2079 268 2149 ejus
283 2074 326 2134 sic
349 2076 606 2145 circumcidantur,
629 2081 660 2133 ut
687 2093 776 2149 supra
799 2076 909 2131 dictum
964 2099 978 2127 ιι
992 2076 1067 2133 baali
1084 2079 1133 2150 qui
1150 2080 1379 2151 persecutionem
1396 2081 1546 2154 patiuntur
1561 2090 1678 2156 propter
1693 2086 1784 2158 justi·

3 2190 4 2225 ι
76 2174 130 2236 est,
147 2166 222 2224 tides
237 2166 331 2240 Ipsius
347 2165 377 2222 in
393 2166 435 2223 eis
452 2167 539 2223 citius
555 2166 697 2223 moritura
712 2168 766 2221 est.
964 2166 1045 2234 tiam,
1062 2173 1200 2241 quonlam
1226 2168 1358 2241 ipsorum
1383 2175 1428 2226 est
1449 2188 1572 2244 regnum
1593 2173 1731 2229 caelorum
1743 2174 1758 2230 ‘l
1771 2196 1786 2226 n

116 2256 201 2321 Quod
220 2271 255 2312 na
271 2255 330 2322 liat,
348 2254 423 2311 tollit
437 2254 495 2311 cito
510 2254 649 2327 sephora,
661 2255 689 2309 id
701 2258 745 2310 cst
757 2257 849 2308 mater
860 2254 910 2308 Ec·
964 2254 1564 2333 Debetautemsemperepistoiaevangelio
1585 2278 1644 2317 sue
1664 2279 1789 2335 praeur-

76 2347 178 2414 clesia,
195 2350 308 2415 petram
324 2343 537 2413 acutissirnam,
548 2342 771 2400 etcirourncidit
783 2341 909 2397 filiorum
964 2344 1057 2402 sicula
1072 2346 1212 2413 cilinium,
1228 2353 1256 2402 et
1271 2347 1378 2405 idcirco
1392 2346 1442 2405 illa
1465 2367 1581 2422 quoque
1605 2368 1669 2423 que
1697 2351 1787 2424 hujus

81 2450 204 2494 auorum
222 2432 410 2507 preputium,
427 2433 540 2490 scilicet
564 2450 599 2490 es
625 2428 859 2499 circumcisione,
875 2429 910 2487 de
963 2432 1121 2492 Dominicis
1136 2441 1190 2502 est,
1206 2435 1290 2493 lectio
1305 2438 1434 2510 epistole
1450 2456 1507 2495 nou
1523 2439 1683 2497 omittitur:
1699 2444 1791 2500 Omne

78 2544 137 2602 qna
151 2543 245 2599 supra
258 2522 371 2581 dictum
384 2529 431 2581 est
454 2524 483 2581 in
509 2523 633 2581 lectione
659 2522 804 2597 lipistole.
827 2526 911 2579 Petra
963 2525 1245 2595 quednotumcctes
1263 2526 1417 2584 desciscit
1440 2528 1573 2585 mundum
1599 2530 1624 2602 (l
1647 2530 1725 2587 loca.
1744 2532 1783 2602 ν).

77 2615 128 2672 illa
145 2632 213 2689 quae
227 2612 304 2671 idem
321 2612 662 2684 Christasest,dequeln
673 2611 774 2668 eadem
787 2609 911 2668 lectione
963 2608 1037 2670 Nam
1054 2613 1107 2670 hac
1123 2613 1245 2671 lectione
1260 2616 1783 2691 victoriosaildesnostrapraedicatur

80 2704 194 2761 dictum
208 2713 263 2771 est,
279 2720 410 2771 caruem,
426 2703 455 2759 id
471 2707 515 2759 cst
528 2719 616 2775 opera
627 2700 733 2771 earnis,
746 2699 869 2757 sollicite
878 2717 911 2756 ac
963 2700 1497 2776 etipsavictorIsmuudinuncupatur,
1508 2722 1572 2779 quse
1583 2706 1678 2762 tribus
1688 2706 1790 2779 adjuta

79 2794 255 2852 festinanter
269 2793 397 2851 abscidit
412 2809 419 2850 ε
436 2792 593 2865 Tautitque
618 2792 707 2864 pedes
726 2790 801 2862 ejus,
822 2790 848 2845 id
866 2792 910 2845 681
963 2794 1099 2864 testibus,
1111 2811 1179 2850 nam
1192 2796 1279 2851 Pater
1291 2800 1319 2851 et
1334 2792 1462 2852 Verbum
1478 2801 1507 2853 st
1521 2796 1647 2868 Spiritus
1663 2803 1790 2854 sanctus

76 2884 202 2956 uestigia
214 2883 358 2955 sequitur,
375 2880 503 2954 dicitque
518 2881 628 2938 eisdem
645 2879 713 2936 iuliis
728 2880 820 2936 suis«
831 2876 911 2935 chri·
963 2884 993 2939 in
1009 2882 1080 2939 coslo
1096 2889 1282 2953 attestantur,
1297 2883 1478 2959 totidemque
1493 2886 1522 2941 in
1538 2890 1614 2943 terra
1632 2890 1732 2956 testes,
1757 2887 1787 2945 id

75 2978 142 3030 stus
159 2989 268 3044 passus
283 2977 328 3028 est
343 2989 394 3044 pro
411 2969 505 3034 nobis,
520 2970 689 3042 relinquens
699 2968 911 3041 exemplum,ut
963 2983 1008 3029 est
1022 2974 1099 3029 idem
1114 2974 1177 3046 ipsa
1192 2973 1319 3046 Spiritus
1332 2981 1446 3049 etaqua
1457 2974 1607 3047 baptismi,
1621 2976 1790 3049 Christique

81 3058 249 3133 sequamini
274 3060 393 3134 uestigia
404 3058 468 3131 ejus
478 3059 502 3128 (1
511 3060 704 3125 Ieiunia-a
717 3055 909 3127 Sponsusin·
964 3065 993 3116 et
1007 3071 1167 3135 martyrum
1177 3062 1489 3135 eJussanguisaeritati
1500 3064 1787 3138 ejusastipulautur;

77 3150 153 3224 quit,
170 3151 351 3223 sanguinum
366 3153 398 3205 tu
415 3148 489 3204 mibi
504 3142 786 3218 es,»videliuetquia
796 3162 840 3201 me
853 3134 908 3202 tibi
964 3144 1066 3221 lernis,
1082 3151 1215 3225 inquam,
1231 3152 1260 3207 ln
1277 3151 1348 3210 caelo
1363 3154 1393 3209 et
1407 3153 1436 3208 in
1447 3162 1521 3227 terra
1532 3154 1650 3211 detensa
1661 3155 1788 3213 testibus

77 3238 278 3311 despondens,
294 3236 468 3312 sanguinem
483 3243 567 3293 tuum
584 3236 614 3293 in
630 3237 726 3292 dotem
745 3234 856 3301 Iudisli,
879 3205 944 3291 61Ο
963 3255 1087 3312 regnum
1103 3239 1242 3296 coeiorum
1258 3242 1409 3314 adjudicat
1420 3241 1476 3308 bis,
1492 3259 1614 3314 quorum
1627 3244 1695 3315 jure
1720 3243 1789 3301 belli

78 3346 147 3385 cum
164 3345 260 3385 cauas
276 3326 419 3384 articulus
431 3325 564 3400 eripiant
575 3343 627 3399 pro
638 3330 666 3382 te
679 3324 782 3398 patiar,
795 3318 911 3393 sangui·
961 3334 1017 3397 est,
1028 3328 1207 3386 scilicetshis
1216 3329 1266 3403 qui
1274 3330 1505 3404 persecutionem
1514 3331 1790 3406 patiunturpropter

80 3418 127 3475 nis
142 3418 201 3474 mei
217 3417 309 3474 vicem
322 3417 462 3490 reposcis,
479 3421 508 3472 et
533 3433 612 3472 uuuo
636 3413 768 3481 interim,
792 3428 909 3471 earnem
959 3414 1114 3489 justitiam.
1134 3442 1144 3468 ι
1162 3418 1378 3476 lntrurtusuero
1393 3437 1403 3477 .·
1421 3421 1511 3490 Quasi
1525 3420 1604 3479 modo
1631 3422 1722 3492 acciti
1745 3422 1790 3479 in-

80 3523 178 3564 meam
194 3506 365 3579 crucifigam
380 3520 446 3562 cum
459 3504 534 3561 vitiis
545 3498 908 3576 etcnneupiaceutiisffiul.
960 3506 1050 3577 lantes
1064 3507 1088 3576 (l
1102 3508 1175 3564 Patr.
1191 3506 1232 3581 ιι),
1249 3526 1301 3581 per
1324 3516 1482 3582 sequentes
1499 3511 1701 3569 hebdomadiae
1725 3512 1789 3569 dies

79 3594 118 3671 ι).
137 3594 242 3668 Igitur,
259 3599 291 3651 ut
303 3596 515 3667 supradictum
526 3601 581 3661 est,
597 3597 674 3650 reete
686 3590 741 3649 hac
752 3595 852 3647 octava
863 3589 910 3646 die
961 3592 1162 3653 decantandus
1177 3603 1231 3666 est,
1249 3596 1299 3670 qui
1314 3599 1402 3654 etiam
1414 3598 1710 3673 Evangeliopradicto
1721 3618 1789 3658 cun-

80 3686 179 3759 agitur
194 3686 282 3742 statio
297 3681 332 3741 ad
347 3688 486 3741 Sanctum
508 3682 649 3741 Ioannem
674 3683 908 3746 helmanensem,
961 3684 1051 3754 pauit,
1068 3686 1118 3742 sed
1133 3703 1189 3742 uon
1205 3704 1258 3760 per
1272 3686 1405 3743 eenidsm
1428 3688 1615 3760 sententiam,
1640 3706 1702 3760 uuae
1713 3690 1790 3761 jam·

3 3794 4 3845 ς
78 3776 150 3849 quia
166 3781 263 3832 mater
277 3778 306 3832 at
321 3774 480 3850 apostolica
496 3776 580 3831 sedes
595 3773 647 3829 illa
661 3772 790 3830 Ecclesia
805 3774 860 3842 est,
883 3768 910 3825 at
961 3773 1041 3831 dicta
1051 3786 1104 3844 eet,
1116 3772 1790 3852 scilicetproptermetumludeorumdispruli

3 3858 4 3885 1
75 3882 152 3938 quos
166 3866 281 3922 Christo
297 3864 375 3923 illios
389 3863 502 3939 genuit,
516 3862 581 3935 ipsa
592 3856 740 3937 spirituali
754 3857 909 3919 circumci·
963 3863 1079 3921 Domini
1094 3862 1202 3922 clausis
1217 3864 1338 3933 toribus,
1355 3866 1435 3922 intus
1446 3868 1531 3922 erant
1554 3867 1789 3937 persecutionem

76 3956 163 4011 sIonc
178 3952 373 4012 circumcidit.
962 3960 1081 4028 propter
1092 3952 1240 4026 justitiam
1249 3954 1310 4029 pati
1321 3953 1504 4027 incipientes,
1517 3972 1593 4028 quae,
1605 3964 1636 4013 ut
1647 3955 1788 4031 diximus,

380 4059 494 4118 (pipp-p
511 4058 601 4119 χιιι),
962 4049 1069 4099 notave
1085 4040 1276 4099 beatitudinis
1292 4048 1449 4101 causaest.
1476 4044 1605 4118 Respicit
1628 4049 1726 4102 autem
1751 4045 1788 4101 ad

75 4154 112 4209 p,
126 4150 284 4211 „pompe
303 4166 312 4207 :
329 4171 345 4202 „
362 4149 443 4206 pm·
460 4151 510 4222 φη·
523 4149 742 4221 mmmmm,
759 4152 911 4223 pappum,
963 4131 1051 4189 aliana
1067 4130 1244 4190 sententiam
1260 4150 1347 4204 quam
1365 4130 1506 4191 Dominus
1520 4132 1555 4192 de
1571 4134 1678 4192 tuturis
1692 4133 1788 4191 tideli-

345 4225 457 4293 proptcr
469 4221 616 4292 iustitiam.
634 4244 645 4274 ι
964 4222 1019 4278 bus
1035 4220 1185 4296 prolereas
1201 4239 1208 4278 :
1226 4222 1316 4291 Bruti,
1332 4222 1440 4295 inquit,
1464 4223 1513 4296 qui
1536 4240 1592 4281 eon
1612 4224 1738 4282 uiderunt
1760 4229 1790 4282 ct

112 4308 223 4370 Octava
239 4310 390 4368 beatitudo
406 4308 479 4367 redit
492 4311 526 4367 ad
544 4313 642 4382 caput,
658 4306 686 4365 id
698 4310 743 4366 esi
754 4311 855 4368 eadem
867 4316 913 4368 est
963 4310 1146 4369 crediderunt
1164 4312 1256 4385 (loun.
1268 4310 1327 4385 xx).
1344 4310 1417 4369 Nam
1432 4328 1468 4368 ne
1490 4310 1583 4370 solam
1597 4313 1683 4370 uobis
1700 4314 1788 4370 iidem

77 4416 144 4477 quae
161 4399 268 4475 prima,
285 4422 300 4452 ιι
311 4398 451 4473 quoniam
463 4398 595 4472 ipsorum
610 4403 656 4456 ast
678 4414 799 4473 reguum
823 4398 913 4458 coelo·
964 4401 1098 4458 sulficere
1109 4400 1296 4469 arbitremur,
1309 4405 1473 4474 opportune
1484 4400 1788 4474 regulavivendi,sine

77 4506 145 4547 rum
162 4488 278 4563 (uasta.
294 4488 335 4562 a),
348 4510 362 4539 ιι
380 4484 584 4546 Verumtamen
595 4492 624 4544 et
638 4480 792 4560 paululum
805 4486 912 4563 differt,
966 4506 1023 4563 qua
1038 4486 1110 4546 ildes
1126 4495 1243 4547 mortua
1257 4495 1313 4559 est,
1327 4486 1383 4546 hoc
1409 4489 1529 4547 introitu
1551 4490 1703 4564 prelibata
1725 4497 1788 4561 est3

76 4582 106 4638 in
121 4595 159 4636 eo
183 4574 296 4636 scilicet
319 4576 395 4648 qnod
420 4575 587 4649 precedens
609 4593 698 4633 causa
718 4574 909 4635 beatitudiuis
922 4571 948 4639 11
962 4595 1031 4636 nam
1048 4596 1100 4636 uos
1116 4579 1236 4652 quidem
1252 4579 1360 4652 signati
1382 4596 1486 4637 sumus
1511 4579 1541 4637 in
1561 4597 1595 4637 eo
1618 4580 1697 4652 quod
1722 4579 1788 4639 ait:

74 4666 133 4727 alia
155 4666 214 4735 bic,
231 4665 289 4722 alia
303 4669 348 4722 est
364 4663 434 4722 illic.
455 4664 515 4723 lllie
530 4664 620 4735 enim,
638 4664 668 4719 id
686 4666 730 4720 est
757 4664 787 4721 iu
813 4664 910 4739 prima
964 4668 1042 4725 Beati
1051 4668 1100 4741 qui
1114 4669 1252 4726 viderunt
1266 4671 1295 4725 et
1310 4665 1507 4737 crediderunt,
1523 4669 1574 4726 sed
1592 4669 1617 4727 si
1632 4667 1720 4726 udam
1735 4687 1788 4728 no·

76 4756 190 4814 dictum
208 4756 254 4811 est
265 4771 271 4811 :
284 4777 299 4805 ιι
312 4753 394 4810 Beati
404 4768 547 4826 pauperes
561 4752 668 4827 spiritu
679 4748 772 4825 (ibid.)
785 4750 910 4824 :abiate
965 4763 1056 4815 stram
1068 4759 1206 4830 operibus
1221 4774 1391 4831 sequamur.
1409 4756 1460 4815 Ille
1476 4758 1584 4817 etenim
1610 4775 1678 4816 vere
1699 4758 1791 4817 credit

77 4846 167 4904 estin
184 4849 285 4901 oetam
304 4840 415 4900 dicitur
430 4858 437 4898 ι
454 4865 468 4895 ι
495 4842 575 4898 Beati
601 4840 650 4917 qui
676 4840 909 4914 persecutionem
966 4848 1016 4919 qui
1032 4851 1129 4903 servat
1142 4842 1290 4921 operando
1306 4845 1384 4918 quod
1399 4845 1501 4903 credit.
1517 4846 1660 4914 Quocirca
1674 4848 1709 4905 de
1732 4847 1789 4921 his,

77 4936 237 5009 patiantur
247 4938 366 5007 propter
377 4931 525 5004 justitiam
543 4926 643 5003 libid).
655 4953 671 4985 ιι
683 4926 912 5008 UndeHierony·
966 4936 1018 5008 qui
1044 4935 1130 4993 tidem
1154 4935 1273 4993 nomine
1299 4940 1386 4992 tenus
1409 4935 1545 5007 retinent,
1569 4938 1679 4994 Paulus
1695 4937 1788 4998 dicit:

77 5041 149 5080 mus
166 5036 173 5081 :
192 5043 207 5072 a
219 5020 257 5078 ut
272 5021 437 5087 considera,
450 5021 557 5093 iuquit,
568 5017 645 5092 quod
660 5027 761 5078 octava
771 5038 844 5083 vere
854 5028 911 5085 cir·
966 5048 982 5077 ιι
996 5026 1180 5082 Confitentur
1193 5041 1226 5081 se
1242 5039 1328 5082 nosse
1345 5027 1447 5094 Deum,
1461 5025 1544 5083 lactis
1560 5032 1658 5085 autem
1683 5030 1791 5099 negant

77 5109 429 5169 tumcisIonisbeatitudo
440 5108 772 5183 martyriuterminetur.
782 5136 797 5164 ιι
808 5117 912 5189 Igitur,
967 5110 1032 5189 (ue.
1048 5111 1080 5189 ι).
1098 5137 1112 5165 ιι
1126 5112 1199 5170 ilino
1214 5118 1243 5170 et
1257 5113 1385 5171 lacobus
1401 5112 1471 5171 dicit
1486 5131 1492 5172 :
1514 5138 1528 5167 ιι
1547 5115 1631 5172 Fides
1647 5115 1711 5173 siue
1725 5132 1792 5188 opo·

74 5202 149 5267 ticet
163 5202 264 5258 octava
278 5198 327 5257 die
342 5201 477 5255 cantetur
490 5197 620 5271 idipsum
636 5194 777 5274 oitlcium,
793 5204 913 5276 quodsi
967 5205 1050 5262 ribus
1066 5208 1182 5262 mortus
1197 5214 1241 5262 est
1251 5204 1320 5279 (tac.
1334 5205 1378 5277 ιι),
1395 5228 1410 5256 ιι
1427 5205 1515 5263 Recte
1529 5222 1598 5279 ergo
1619 5204 1716 5278 qualis
1732 5205 1791 5264 vita

75 5292 189 5362 prima,
205 5284 636 5362 eoquodoctsvabeatitudead
646 5290 745 5362 capul,
757 5292 911 5352 uldictum
967 5295 1056 5352 tidem
1071 5294 1170 5353 utilem
1185 5293 1303 5367 efficiat,
1316 5310 1368 5369 per
1382 5292 1458 5352 bano
1473 5294 1625 5370 apostolici
1646 5293 1791 5356 sermonis

74 5384 133 5447 eet,
153 5378 264 5449 redeat,
280 5380 360 5434 recle
376 5382 475 5433 tamen
501 5370 641 5449 quoniam
662 5380 691 5433 et
716 5381 912 5450 praecedentes
966 5379 1142 5459 perticulam
1157 5384 1186 5441 iu
1198 5382 1318 5441 introitu
1329 5385 1556 5453 demonstratur,
1571 5385 1791 5443 ueseduoamus

73 5486 173 5528 cause
188 5467 408 5525 beatitudinum
424 5465 669 5540 primeetoctaus
679 5465 910 5541 differant,aliud
966 5490 1020 5531 nos
1036 5472 1189 5531 audientes
1199 5473 1235 5530 (16
1249 5472 1334 5530 nobis
1349 5473 1461 5529 dictum
1479 5491 1486 5529 :
1502 5475 1581 5531 ilenti
1592 5476 1642 5548 qui
1654 5474 1792 5533 conoide·

72 5560 104 5617 in
120 5557 226 5616 eodem
241 5556 339 5616 uillam
355 5555 392 5612 ab
408 5555 452 5613 bis
466 5554 518 5631 qul
533 5554 732 5627 diligentiores
746 5562 824 5629 sunt,
842 5560 911 5620 retI·
965 5573 1032 5621 runt
1046 5568 1072 5621 ct
1086 5564 1272 5621 crediderunt.
1288 5562 1332 5621 Ad
1348 5563 1401 5621 boc
1414 5563 1493 5620 idem
1508 5570 1651 5623 consonat
1664 5570 1694 5623 et
1708 5564 1792 5622 simi-

71 5644 516 5718 neturhebdnmadaesequentis
529 5643 911 5717 evangeliumacuicatitlua
965 5654 1033 5712 liter
1058 5652 1228 5727 acciplenda
1257 5656 1302 5709 est
1324 5657 1455 5711 extrema
1478 5653 1635 5729 praeuntis
1660 5655 1790 5726 epistole
