<?xml version="1.0" encoding="UTF-8"?>
<!DOCTYPE html PUBLIC "-//W3C//DTD XHTML 1.0 Transitional//EN"
    "http://www.w3.org/TR/xhtml1/DTD/xhtml1-transitional.dtd">
<html xmlns="http://www.w3.org/1999/xhtml" xml:lang="en" lang="en">
 <head>
  <title>
</title>
<meta http-equiv="Content-Type" content="text/html;charset=utf-8" />
  <meta name='ocr-system' content='tesseract 3.04.00' />
  <meta name='ocr-capabilities' content='ocr_page ocr_carea ocr_par ocr_line ocrx_word'/>
</head>
<body>
  <div class='ocr_page' id='page_1' title='image "./patrologiaecurs119unkngoog_0228.png"; bbox 0 0 3950 6034; ppageno 0'>
   <div class='ocr_carea' id='block_1_1' title="bbox 178 266 1969 361">
    <p class='ocr_par' dir='ltr' id='par_1_1' title="bbox 178 266 1969 361">
     <span class='ocr_line' id='line_1_1' title="bbox 178 266 1969 361; baseline -0.025 -2"><span class='ocrx_word' id='word_1_1' title='bbox 178 297 234 361; x_wconf 71' lang='lat' dir='ltr'><strong><em>til</em></strong></span> <span class='ocrx_word' id='word_1_2' title='bbox 725 278 902 342; x_wconf 81' lang='lat' dir='ltr'>RUPERTI</span> <span class='ocrx_word' id='word_1_3' title='bbox 924 271 1089 336; x_wconf 75' lang='lat' dir='ltr'><strong><em>tenente</em></strong></span> <span class='ocrx_word' id='word_1_4' title='bbox 1109 273 1330 337; x_wconf 78' lang='lat' dir='ltr'><strong><em>nutriensts</em></strong></span> <span class='ocrx_word' id='word_1_5' title='bbox 1824 266 1887 331; x_wconf 72' lang='lat'><strong><em>432</em></strong></span> <span class='ocrx_word' id='word_1_6' title='bbox 1968 267 1969 302; x_wconf 79' lang='lat' dir='ltr'><strong><em>t</em></strong></span> 
     </span>
    </p>
   </div>
   <div class='ocr_carea' id='block_1_2' title="bbox 176 404 1969 2104">
    <p class='ocr_par' dir='ltr' id='par_1_2' title="bbox 176 404 1969 1837">
     <span class='ocr_line' id='line_1_2' title="bbox 179 404 1886 506; baseline -0.017 -19"><span class='ocrx_word' id='word_1_7' title='bbox 179 426 314 506; x_wconf 76' lang='lat' dir='ltr'><strong><em>quidquid</em></strong></span> <span class='ocrx_word' id='word_1_8' title='bbox 340 425 537 494; x_wconf 73' lang='lat' dir='ltr'><strong><em>comprecatam</em></strong></span> <span class='ocrx_word' id='word_1_9' title='bbox 565 418 665 487; x_wconf 76' lang='lat' dir='ltr'><strong><em>inerat,</em></strong></span> <span class='ocrx_word' id='word_1_10' title='bbox 684 413 883 482; x_wconf 84' lang='lat' dir='ltr'><strong><em>disperserant.</em></strong></span> <span class='ocrx_word' id='word_1_11' title='bbox 913 407 1008 465; x_wconf 77' lang='lat' dir='ltr'><strong><em>libna</em></strong></span> <span class='ocrx_word' id='word_1_12' title='bbox 1021 408 1047 475; x_wconf 77' lang='grc' dir='ltr'><strong>Α</strong></span> <span class='ocrx_word' id='word_1_13' title='bbox 1062 406 1133 464; x_wconf 88' lang='lat' dir='ltr'><strong><em>dens</em></strong></span> <span class='ocrx_word' id='word_1_14' title='bbox 1148 423 1234 480; x_wconf 90' lang='lat' dir='ltr'><strong><em>anper</em></strong></span> <span class='ocrx_word' id='word_1_15' title='bbox 1258 407 1361 465; x_wconf 90' lang='lat' dir='ltr'><strong><em>nubem</em></strong></span> <span class='ocrx_word' id='word_1_16' title='bbox 1378 406 1480 473; x_wconf 89' lang='lat' dir='ltr'><strong><em>ierem,</em></strong></span> <span class='ocrx_word' id='word_1_17' title='bbox 1495 405 1640 475; x_wconf 81' lang='lat' dir='ltr'><strong><em>ingressus</em></strong></span> <span class='ocrx_word' id='word_1_18' title='bbox 1662 408 1704 459; x_wconf 91' lang='grc' dir='ltr'><strong><em>εει</em></strong></span> <span class='ocrx_word' id='word_1_19' title='bbox 1730 404 1886 473; x_wconf 65' lang='lat' dir='ltr'><strong><em>aegyptum</em></strong></span> 
     </span>
     <span class='ocr_line' id='line_1_3' title="bbox 179 492 1969 580; baseline -0.017 -3"><span class='ocrx_word' id='word_1_20' title='bbox 179 513 386 577; x_wconf 74' lang='lat' dir='ltr'><strong><em>vesanientibus</em></strong></span> <span class='ocrx_word' id='word_1_21' title='bbox 402 514 442 568; x_wconf 87' lang='lat' dir='ltr'><strong><em>eis</em></strong></span> <span class='ocrx_word' id='word_1_22' title='bbox 456 519 481 567; x_wconf 90' lang='lat' dir='ltr'><strong><em>et</em></strong></span> <span class='ocrx_word' id='word_1_23' title='bbox 496 522 676 580; x_wconf 78' lang='lat' dir='ltr'><strong><em>nequaqnam</em></strong></span> <span class='ocrx_word' id='word_1_24' title='bbox 689 504 786 560; x_wconf 87' lang='lat' dir='ltr'><strong><em>divina</em></strong></span> <span class='ocrx_word' id='word_1_25' title='bbox 797 501 1008 574; x_wconf 61' lang='lat' dir='ltr'><strong><em>longanimitate</em></strong></span> <span class='ocrx_word' id='word_1_26' title='bbox 1062 496 1145 567; x_wconf 79' lang='lat' dir='ltr'><strong><em>huius</em></strong></span> <span class='ocrx_word' id='word_1_27' title='bbox 1159 498 1269 565; x_wconf 76' lang='lat' dir='ltr'><strong><em>seculi,</em></strong></span> <span class='ocrx_word' id='word_1_28' title='bbox 1281 506 1309 555; x_wconf 89' lang='lat' dir='ltr'><strong><em>et</em></strong></span> <span class='ocrx_word' id='word_1_29' title='bbox 1323 506 1401 554; x_wconf 84' lang='lat' dir='ltr'><strong><em>mota</em></strong></span> <span class='ocrx_word' id='word_1_30' title='bbox 1412 503 1479 551; x_wconf 89' lang='lat' dir='ltr'><strong><em>sunt</em></strong></span> <span class='ocrx_word' id='word_1_31' title='bbox 1493 492 1645 551; x_wconf 83' lang='lat' dir='ltr'><strong><em>simulacra</em></strong></span> <span class='ocrx_word' id='word_1_32' title='bbox 1654 492 1763 564; x_wconf 71' lang='lat' dir='ltr'><strong><em>AEgypti</em></strong></span> <span class='ocrx_word' id='word_1_33' title='bbox 1778 509 1796 547; x_wconf 88' lang='lat' dir='ltr'><strong><em>a</em></strong></span> <span class='ocrx_word' id='word_1_34' title='bbox 1809 492 1885 548; x_wconf 84' lang='lat' dir='ltr'><strong><em>lactc</em></strong></span> <span class='ocrx_word' id='word_1_35' title='bbox 1968 517 1969 536; x_wconf 66' lang='grc' dir='ltr'>ι</span> 
     </span>
     <span class='ocr_line' id='line_1_4' title="bbox 180 580 1969 680; baseline -0.018 -14"><span class='ocrx_word' id='word_1_36' title='bbox 180 610 323 680; x_wconf 86' lang='lat' dir='ltr'><strong><em>correptis,</em></strong></span> <span class='ocrx_word' id='word_1_37' title='bbox 339 604 487 659; x_wconf 78' lang='lat' dir='ltr'><strong><em>maximas</em></strong></span> <span class='ocrx_word' id='word_1_38' title='bbox 513 603 603 671; x_wconf 88' lang='lat' dir='ltr'><strong><em>primo</em></strong></span> <span class='ocrx_word' id='word_1_39' title='bbox 623 607 702 653; x_wconf 78' lang='lat' dir='ltr'><strong><em>terrac</em></strong></span> <span class='ocrx_word' id='word_1_40' title='bbox 730 605 819 651; x_wconf 87' lang='lat' dir='ltr'><strong><em>motvs</em></strong></span> <span class='ocrx_word' id='word_1_41' title='bbox 847 595 938 663; x_wconf 75' lang='lat' dir='ltr'><strong><em>iactas</em></strong></span> <span class='ocrx_word' id='word_1_42' title='bbox 954 597 1006 670; x_wconf 66' lang='lat' dir='ltr'><strong><em>cst,</em></strong></span> <span class='ocrx_word' id='word_1_43' title='bbox 1060 586 1442 657; x_wconf 79' lang='lat' dir='ltr'><strong><em>ejusetdisperieruntilsa.</em></strong></span> <span class='ocrx_word' id='word_1_44' title='bbox 1458 585 1527 650; x_wconf 80' lang='lat' dir='ltr'><strong><em>mxi,</em></strong></span> <span class='ocrx_word' id='word_1_45' title='bbox 1544 580 1820 639; x_wconf 85' lang='lat' dir='ltr'><strong><em>trustrarolantihns</em></strong></span> <span class='ocrx_word' id='word_1_46' title='bbox 1848 595 1885 636; x_wconf 90' lang='grc' dir='ltr'><strong><em>ειι</em></strong></span> <span class='ocrx_word' id='word_1_47' title='bbox 1968 621 1969 658; x_wconf 59' lang='lat'>3</span> 
     </span>
     <span class='ocr_line' id='line_1_5' title="bbox 182 669 1969 773; baseline -0.017 -18"><span class='ocrx_word' id='word_1_48' title='bbox 182 688 627 773; x_wconf 78' lang='lat' dir='ltr'><strong><em>qvisqnismysteriistlivinisnon</em></strong></span> <span class='ocrx_word' id='word_1_49' title='bbox 636 681 1006 758; x_wconf 74' lang='lat' dir='ltr'><strong><em>ineratimbnlnsvebemen·</em></strong></span> <span class='ocrx_word' id='word_1_50' title='bbox 1060 677 1180 732; x_wconf 87' lang='lat' dir='ltr'><strong><em>retinere</em></strong></span> <span class='ocrx_word' id='word_1_51' title='bbox 1192 676 1342 747; x_wconf 69' lang='lat' dir='ltr'><strong><em>AEgyptils,</em></strong></span> <span class='ocrx_word' id='word_1_52' title='bbox 1353 676 1483 747; x_wconf 82' lang='lat' dir='ltr'><strong><em>qualium</em></strong></span> <span class='ocrx_word' id='word_1_53' title='bbox 1498 674 1551 730; x_wconf 84' lang='lat' dir='ltr'><strong><em>iate</em></strong></span> <span class='ocrx_word' id='word_1_54' title='bbox 1563 672 1698 730; x_wconf 75' lang='lat' dir='ltr'><strong>Julianus</strong></span> <span class='ocrx_word' id='word_1_55' title='bbox 1713 669 1882 728; x_wconf 80' lang='lat' dir='ltr'><strong><em>notissimus</em></strong></span> <span class='ocrx_word' id='word_1_56' title='bbox 1968 687 1969 700; x_wconf 49' lang='grc' dir='ltr'>ι</span> 
     </span>
     <span class='ocr_line' id='line_1_6' title="bbox 184 759 1969 847; baseline -0.018 -1"><span class='ocrx_word' id='word_1_57' title='bbox 184 796 228 846; x_wconf 87' lang='lat' dir='ltr'><strong><em>ter</em></strong></span> <span class='ocrx_word' id='word_1_58' title='bbox 242 786 357 842; x_wconf 83' lang='lat' dir='ltr'><strong><em>attritas</em></strong></span> <span class='ocrx_word' id='word_1_59' title='bbox 370 791 417 838; x_wconf 88' lang='lat' dir='ltr'><strong><em>est.</em></strong></span> <span class='ocrx_word' id='word_1_60' title='bbox 431 779 498 835; x_wconf 82' lang='lat' dir='ltr'><strong><em>Cam</em></strong></span> <span class='ocrx_word' id='word_1_61' title='bbox 511 792 574 833; x_wconf 88' lang='lat' dir='ltr'><strong><em>vero</em></strong></span> <span class='ocrx_word' id='word_1_62' title='bbox 585 787 675 847; x_wconf 76' lang='lat' dir='ltr'><strong><em>neone</em></strong></span> <span class='ocrx_word' id='word_1_63' title='bbox 692 775 741 831; x_wconf 91' lang='lat' dir='ltr'><strong><em>hoc</em></strong></span> <span class='ocrx_word' id='word_1_64' title='bbox 756 767 1008 841; x_wconf 73' lang='lat' dir='ltr'><strong><em>terrerenturiadt&#39;·</em></strong></span> <span class='ocrx_word' id='word_1_65' title='bbox 1059 773 1086 821; x_wconf 88' lang='lat' dir='ltr'><strong><em>et</em></strong></span> <span class='ocrx_word' id='word_1_66' title='bbox 1097 767 1315 839; x_wconf 76' lang='lat' dir='ltr'><strong><em>reredlgyptius</em></strong></span> <span class='ocrx_word' id='word_1_67' title='bbox 1326 766 1388 835; x_wconf 86' lang='lat' dir='ltr'><strong><em>luit,</em></strong></span> <span class='ocrx_word' id='word_1_68' title='bbox 1405 778 1494 829; x_wconf 91' lang='lat' dir='ltr'><strong><em>nunc,</em></strong></span> <span class='ocrx_word' id='word_1_69' title='bbox 1508 763 1638 834; x_wconf 87' lang='lat' dir='ltr'><strong><em>inquam,</em></strong></span> <span class='ocrx_word' id='word_1_70' title='bbox 1648 759 1714 833; x_wconf 78' lang='lat' dir='ltr'><strong><em>quia</em></strong></span> <span class='ocrx_word' id='word_1_71' title='bbox 1729 776 1788 817; x_wconf 93' lang='lat' dir='ltr'><strong><em>nan</em></strong></span> <span class='ocrx_word' id='word_1_72' title='bbox 1803 768 1883 828; x_wconf 87' lang='lat' dir='ltr'><strong><em>sunt,</em></strong></span> <span class='ocrx_word' id='word_1_73' title='bbox 1968 763 1969 778; x_wconf 65' lang='lat'>¹</span> 
     </span>
     <span class='ocr_line' id='line_1_7' title="bbox 182 849 1969 945; baseline -0.016 -11"><span class='ocrx_word' id='word_1_74' title='bbox 182 881 235 943; x_wconf 87' lang='lat' dir='ltr'><strong><em>cio,</em></strong></span> <span class='ocrx_word' id='word_1_75' title='bbox 251 877 325 945; x_wconf 78' lang='lat' dir='ltr'><strong><em>ionis</em></strong></span> <span class='ocrx_word' id='word_1_76' title='bbox 336 869 571 942; x_wconf 74' lang='lat' dir='ltr'><strong><em>ecivndamenlis</em></strong></span> <span class='ocrx_word' id='word_1_77' title='bbox 585 883 645 938; x_wconf 78' lang='lat' dir='ltr'><strong><em>que</em></strong></span> <span class='ocrx_word' id='word_1_78' title='bbox 658 863 838 935; x_wconf 70' lang='lat' dir='ltr'><strong><em>fodiebantur</em></strong></span> <span class='ocrx_word' id='word_1_79' title='bbox 851 860 1005 933; x_wconf 80' lang='lat' dir='ltr'><strong><em>cprediens,</em></strong></span> <span class='ocrx_word' id='word_1_80' title='bbox 1058 854 1164 911; x_wconf 88' lang='lat' dir='ltr'><strong><em>idcirco</em></strong></span> <span class='ocrx_word' id='word_1_81' title='bbox 1190 871 1248 913; x_wconf 92' lang='lat' dir='ltr'><strong><em>non</em></strong></span> <span class='ocrx_word' id='word_1_82' title='bbox 1273 856 1371 912; x_wconf 89' lang='lat' dir='ltr'><strong><em>colunt</em></strong></span> <span class='ocrx_word' id='word_1_83' title='bbox 1394 853 1489 911; x_wconf 79' lang='lat' dir='ltr'><strong><em>iudei</em></strong></span> <span class='ocrx_word' id='word_1_84' title='bbox 1517 851 1669 910; x_wconf 86' lang='lat' dir='ltr'><strong><em>simulacra</em></strong></span> <span class='ocrx_word' id='word_1_85' title='bbox 1696 850 1836 922; x_wconf 80' lang='lat' dir='ltr'><strong><em>gentium,</em></strong></span> <span class='ocrx_word' id='word_1_86' title='bbox 1852 856 1882 907; x_wconf 87' lang='lat' dir='ltr'><strong><em>el</em></strong></span> <span class='ocrx_word' id='word_1_87' title='bbox 1968 849 1969 870; x_wconf 39' lang='lat' dir='ltr'><strong><em>l</em></strong></span> 
     </span>
     <span class='ocr_line' id='line_1_8' title="bbox 183 939 1884 1036; baseline -0.016 -14"><span class='ocrx_word' id='word_1_88' title='bbox 183 958 499 1036; x_wconf 76' lang='lat' dir='ltr'><strong><em>plurimosiadienlinm</em></strong></span> <span class='ocrx_word' id='word_1_89' title='bbox 527 957 723 1024; x_wconf 76' lang='lat' dir='ltr'><strong><em>concremavit,</em></strong></span> <span class='ocrx_word' id='word_1_90' title='bbox 738 955 860 1010; x_wconf 85' lang='lat' dir='ltr'><strong><em>oliorum</em></strong></span> <span class='ocrx_word' id='word_1_91' title='bbox 879 950 1006 1005; x_wconf 89' lang='lat' dir='ltr'><strong><em>membra</em></strong></span> <span class='ocrx_word' id='word_1_92' title='bbox 1057 942 1127 999; x_wconf 89' lang='lat' dir='ltr'><strong><em>illud</em></strong></span> <span class='ocrx_word' id='word_1_93' title='bbox 1143 945 1219 1015; x_wconf 82' lang='lat' dir='ltr'><strong><em>qnod</em></strong></span> <span class='ocrx_word' id='word_1_94' title='bbox 1234 946 1326 1002; x_wconf 90' lang='lat' dir='ltr'><strong><em>solum</em></strong></span> <span class='ocrx_word' id='word_1_95' title='bbox 1350 948 1490 1015; x_wconf 90' lang='lat' dir='ltr'><strong><em>superest,</em></strong></span> <span class='ocrx_word' id='word_1_96' title='bbox 1513 951 1540 999; x_wconf 87' lang='lat' dir='ltr'><strong><em>et</em></strong></span> <span class='ocrx_word' id='word_1_97' title='bbox 1564 943 1638 1014; x_wconf 87' lang='lat' dir='ltr'><strong><em>quod</em></strong></span> <span class='ocrx_word' id='word_1_98' title='bbox 1667 940 1717 997; x_wconf 90' lang='lat' dir='ltr'><strong><em>illa</em></strong></span> <span class='ocrx_word' id='word_1_99' title='bbox 1742 939 1884 997; x_wconf 79' lang='lat' dir='ltr'><strong><em>subvertit</em></strong></span> 
     </span>
     <span class='ocr_line' id='line_1_9' title="bbox 183 1030 1882 1120; baseline -0.016 -8"><span class='ocrx_word' id='word_1_100' title='bbox 183 1047 669 1120; x_wconf 65' lang='lat' dir='ltr'><strong><em>dissoluitsnocteauoqaepiarimis</em></strong></span> <span class='ocrx_word' id='word_1_101' title='bbox 684 1045 813 1100; x_wconf 87' lang='lat' dir='ltr'><strong><em>inoicina</em></strong></span> <span class='ocrx_word' id='word_1_102' title='bbox 827 1039 1006 1114; x_wconf 80' lang='lat' dir='ltr'><strong><em>particulor-</em></strong></span> <span class='ocrx_word' id='word_1_103' title='bbox 1057 1035 1175 1092; x_wconf 92' lang='lat' dir='ltr'><strong><em>omnino</em></strong></span> <span class='ocrx_word' id='word_1_104' title='bbox 1204 1051 1262 1092; x_wconf 92' lang='lat' dir='ltr'><strong><em>non</em></strong></span> <span class='ocrx_word' id='word_1_105' title='bbox 1288 1035 1435 1106; x_wconf 83' lang='lat' dir='ltr'><strong><em>pertinens</em></strong></span> <span class='ocrx_word' id='word_1_106' title='bbox 1450 1033 1485 1088; x_wconf 87' lang='lat' dir='ltr'><strong><em>nd</em></strong></span> <span class='ocrx_word' id='word_1_107' title='bbox 1509 1030 1661 1088; x_wconf 88' lang='lat' dir='ltr'><strong><em>simulacra</em></strong></span> <span class='ocrx_word' id='word_1_108' title='bbox 1686 1031 1814 1103; x_wconf 74' lang='lat' dir='ltr'><strong><em>gentium</em></strong></span> <span class='ocrx_word' id='word_1_109' title='bbox 1828 1045 1836 1085; x_wconf 81' lang='lat' dir='ltr'><strong><em>t</em></strong></span> <span class='ocrx_word' id='word_1_110' title='bbox 1852 1034 1882 1086; x_wconf 89' lang='grc' dir='ltr'><strong><em>ει</em></strong></span> 
     </span>
     <span class='ocr_line' id='line_1_10' title="bbox 180 1120 1882 1208; baseline -0.015 -8"><span class='ocrx_word' id='word_1_111' title='bbox 180 1144 339 1208; x_wconf 82' lang='lat' dir='ltr'><strong><em>rotantibus,</em></strong></span> <span class='ocrx_word' id='word_1_112' title='bbox 355 1137 556 1196; x_wconf 83' lang='lat' dir='ltr'><strong><em>cadenssnbito</em></strong></span> <span class='ocrx_word' id='word_1_113' title='bbox 570 1152 633 1192; x_wconf 88' lang='lat' dir='ltr'><strong><em>cvm</em></strong></span> <span class='ocrx_word' id='word_1_114' title='bbox 644 1138 713 1191; x_wconf 90' lang='lat' dir='ltr'><strong><em>lcclo</em></strong></span> <span class='ocrx_word' id='word_1_115' title='bbox 729 1136 790 1205; x_wconf 84' lang='lat' dir='ltr'><strong><em>ipsa</em></strong></span> <span class='ocrx_word' id='word_1_116' title='bbox 802 1131 924 1204; x_wconf 83' lang='lat' dir='ltr'><strong><em>porticos</em></strong></span> <span class='ocrx_word' id='word_1_117' title='bbox 938 1130 1005 1185; x_wconf 84' lang='lat' dir='ltr'><strong><em>tiar-</em></strong></span> <span class='ocrx_word' id='word_1_118' title='bbox 1056 1123 1162 1181; x_wconf 81' lang='lat' dir='ltr'><strong><em>idcirco</em></strong></span> <span class='ocrx_word' id='word_1_119' title='bbox 1192 1140 1250 1182; x_wconf 92' lang='lat' dir='ltr'><strong><em>non</em></strong></span> <span class='ocrx_word' id='word_1_120' title='bbox 1274 1126 1405 1192; x_wconf 85' lang='lat' dir='ltr'><strong><em>adorant,</em></strong></span> <span class='ocrx_word' id='word_1_121' title='bbox 1420 1123 1487 1195; x_wconf 87' lang='lat' dir='ltr'><strong><em>quin</em></strong></span> <span class='ocrx_word' id='word_1_122' title='bbox 1511 1121 1658 1178; x_wconf 77' lang='lat' dir='ltr'><strong><em>veritatem</em></strong></span> <span class='ocrx_word' id='word_1_123' title='bbox 1683 1120 1816 1189; x_wconf 85' lang='lat' dir='ltr'><strong><em>aierunt,</em></strong></span> <span class='ocrx_word' id='word_1_124' title='bbox 1833 1133 1882 1175; x_wconf 59' lang='lat' dir='ltr'><strong><em>sm</em></strong></span> 
     </span>
     <span class='ocr_line' id='line_1_11' title="bbox 180 1208 1879 1301; baseline -0.015 -12"><span class='ocrx_word' id='word_1_125' title='bbox 180 1233 297 1289; x_wconf 86' lang='lat' dir='ltr'><strong><em>micnlrs</em></strong></span> <span class='ocrx_word' id='word_1_126' title='bbox 325 1229 471 1301; x_wconf 87' lang='lat' dir='ltr'><strong><em>oppressit.</em></strong></span> <span class='ocrx_word' id='word_1_127' title='bbox 499 1228 559 1282; x_wconf 79' lang='lat' dir='ltr'><strong><em>liin</em></strong></span> <span class='ocrx_word' id='word_1_128' title='bbox 580 1241 644 1281; x_wconf 91' lang='lat' dir='ltr'><strong><em>vcro</em></strong></span> <span class='ocrx_word' id='word_1_129' title='bbox 672 1224 716 1279; x_wconf 87' lang='lat' dir='ltr'><strong><em>dic</em></strong></span> <span class='ocrx_word' id='word_1_130' title='bbox 738 1222 768 1278; x_wconf 88' lang='lat' dir='ltr'><strong><em>in</em></strong></span> <span class='ocrx_word' id='word_1_131' title='bbox 790 1222 854 1277; x_wconf 85' lang='lat' dir='ltr'><strong><em>coelo</em></strong></span> <span class='ocrx_word' id='word_1_132' title='bbox 892 1217 1005 1290; x_wconf 82' lang='lat' dir='ltr'><strong><em>sipnnm</em></strong></span> <span class='ocrx_word' id='word_1_133' title='bbox 1056 1213 1184 1270; x_wconf 85' lang='lat' dir='ltr'><strong><em>cundum</em></strong></span> <span class='ocrx_word' id='word_1_134' title='bbox 1208 1217 1358 1287; x_wconf 79' lang='lat' dir='ltr'><strong><em>mysticam</em></strong></span> <span class='ocrx_word' id='word_1_135' title='bbox 1381 1210 1599 1270; x_wconf 85' lang='lat' dir='ltr'><strong><em>similitudinem</em></strong></span> <span class='ocrx_word' id='word_1_136' title='bbox 1631 1211 1702 1266; x_wconf 81' lang='lat' dir='ltr'><strong><em>anei</em></strong></span> <span class='ocrx_word' id='word_1_137' title='bbox 1726 1208 1879 1280; x_wconf 73' lang='lat' dir='ltr'><strong><em>torpentia,</em></strong></span> 
     </span>
     <span class='ocr_line' id='line_1_12' title="bbox 178 1304 1885 1393; baseline -0.012 -16"><span class='ocrx_word' id='word_1_138' title='bbox 178 1320 323 1393; x_wconf 86' lang='lat' dir='ltr'><strong><em>splendens</em></strong></span> <span class='ocrx_word' id='word_1_139' title='bbox 338 1319 427 1373; x_wconf 83' lang='lat' dir='ltr'><strong><em>crocis</em></strong></span> <span class='ocrx_word' id='word_1_140' title='bbox 441 1313 634 1386; x_wconf 67' lang='lat' dir='ltr'><strong><em>apparuissent</em></strong></span> <span class='ocrx_word' id='word_1_141' title='bbox 647 1314 733 1368; x_wconf 86' lang='lat' dir='ltr'><strong><em>eiiam</em></strong></span> <span class='ocrx_word' id='word_1_142' title='bbox 745 1310 901 1377; x_wconf 68' lang='lat' dir='ltr'><strong><em>§ainornm</em></strong></span> <span class='ocrx_word' id='word_1_143' title='bbox 920 1315 1005 1363; x_wconf 84' lang='lat' dir='ltr'><strong><em>vester</em></strong></span> <span class='ocrx_word' id='word_1_144' title='bbox 1056 1320 1139 1376; x_wconf 83' lang='lat' dir='ltr'><strong><em>qaam</em></strong></span> <span class='ocrx_word' id='word_1_145' title='bbox 1155 1306 1288 1364; x_wconf 80' lang='lat' dir='ltr'><strong><em>exaltavit</em></strong></span> <span class='ocrx_word' id='word_1_146' title='bbox 1311 1305 1420 1375; x_wconf 74' lang='lat' dir='ltr'><strong><em>narses</em></strong></span> <span class='ocrx_word' id='word_1_147' title='bbox 1448 1304 1480 1360; x_wconf 93' lang='lat' dir='ltr'><strong><em>ln</em></strong></span> <span class='ocrx_word' id='word_1_148' title='bbox 1494 1304 1616 1366; x_wconf 87' lang='lat' dir='ltr'><strong><em>deserto,</em></strong></span> <span class='ocrx_word' id='word_1_149' title='bbox 1639 1309 1706 1358; x_wconf 85' lang='lat' dir='ltr'><strong><em>ante</em></strong></span> <span class='ocrx_word' id='word_1_150' title='bbox 1728 1308 1842 1357; x_wconf 91' lang='lat' dir='ltr'><strong><em>nostras</em></strong></span> <span class='ocrx_word' id='word_1_151' title='bbox 1856 1305 1885 1357; x_wconf 86' lang='lat' dir='ltr'><strong><em>at</em></strong></span> 
     </span>
     <span class='ocr_line' id='line_1_13' title="bbox 178 1388 1886 1480; baseline -0.012 -13"><span class='ocrx_word' id='word_1_152' title='bbox 178 1398 1003 1480; x_wconf 70' lang='lat' dir='ltr'><strong><em>crvcissipnncvioenniirnpielaerncnlnmcnsplentlenli,</em></strong></span> <span class='ocrx_word' id='word_1_153' title='bbox 1056 1394 1182 1465; x_wconf 89' lang='lat' dir='ltr'><strong><em>ipsorum</em></strong></span> <span class='ocrx_word' id='word_1_154' title='bbox 1197 1396 1295 1453; x_wconf 89' lang='lat' dir='ltr'><strong><em>oculos</em></strong></span> <span class='ocrx_word' id='word_1_155' title='bbox 1318 1393 1484 1452; x_wconf 84' lang='lat' dir='ltr'><strong><em>exaltatum.</em></strong></span> <span class='ocrx_word' id='word_1_156' title='bbox 1500 1390 1623 1448; x_wconf 88' lang='lat' dir='ltr'><strong><em>Proinde</em></strong></span> <span class='ocrx_word' id='word_1_157' title='bbox 1652 1391 1760 1446; x_wconf 90' lang='lat' dir='ltr'><strong><em>nullius</em></strong></span> <span class='ocrx_word' id='word_1_158' title='bbox 1790 1388 1886 1446; x_wconf 83' lang='lat' dir='ltr'><strong><em>landis</em></strong></span> 
     </span>
     <span class='ocr_line' id='line_1_14' title="bbox 178 1478 1884 1569; baseline -0.011 -14"><span class='ocrx_word' id='word_1_159' title='bbox 178 1499 226 1556; x_wconf 83' lang='lat' dir='ltr'><strong><em>sed</em></strong></span> <span class='ocrx_word' id='word_1_160' title='bbox 241 1501 324 1569; x_wconf 84' lang='lat' dir='ltr'><strong><em>nipra</em></strong></span> <span class='ocrx_word' id='word_1_161' title='bbox 339 1496 433 1553; x_wconf 89' lang='lat' dir='ltr'><strong><em>colore</em></strong></span> <span class='ocrx_word' id='word_1_162' title='bbox 458 1494 588 1563; x_wconf 76' lang='lat' dir='ltr'><strong><em>sipnntae.</em></strong></span> <span class='ocrx_word' id='word_1_163' title='bbox 617 1494 677 1548; x_wconf 79' lang='lat' dir='ltr'><strong><em>linc</em></strong></span> <span class='ocrx_word' id='word_1_164' title='bbox 707 1493 799 1562; x_wconf 84' lang='lat' dir='ltr'><strong><em>itapnc</em></strong></span> <span class='ocrx_word' id='word_1_165' title='bbox 824 1489 938 1545; x_wconf 75' lang='lat' dir='ltr'><strong><em>rebellas</em></strong></span> <span class='ocrx_word' id='word_1_166' title='bbox 953 1486 1005 1543; x_wconf 82' lang='lat' dir='ltr'><strong><em>liei</em></strong></span> <span class='ocrx_word' id='word_1_167' title='bbox 1055 1491 1098 1540; x_wconf 87' lang='grc' dir='ltr'><strong><em>εει</em></strong></span> <span class='ocrx_word' id='word_1_168' title='bbox 1111 1484 1216 1541; x_wconf 80' lang='lat' dir='ltr'><strong><em>ludere</em></strong></span> <span class='ocrx_word' id='word_1_169' title='bbox 1231 1486 1289 1542; x_wconf 85' lang='lat' dir='ltr'><strong><em>sire</em></strong></span> <span class='ocrx_word' id='word_1_170' title='bbox 1304 1482 1546 1556; x_wconf 61' lang='lat' dir='ltr'><strong><em>synagogmqmd</em></strong></span> <span class='ocrx_word' id='word_1_171' title='bbox 1563 1497 1612 1554; x_wconf 88' lang='lat' dir='ltr'><strong><em>per</em></strong></span> <span class='ocrx_word' id='word_1_172' title='bbox 1627 1480 1700 1536; x_wconf 87' lang='lat' dir='ltr'><strong><em>Osee</em></strong></span> <span class='ocrx_word' id='word_1_173' title='bbox 1714 1478 1884 1551; x_wconf 83' lang='lat' dir='ltr'><strong><em>prophetam</em></strong></span> 
     </span>
     <span class='ocr_line' id='line_1_15' title="bbox 177 1569 1889 1655; baseline -0.012 -10"><span class='ocrx_word' id='word_1_174' title='bbox 177 1589 394 1651; x_wconf 71' lang='lat' dir='ltr'><strong><em>considerantes,</em></strong></span> <span class='ocrx_word' id='word_1_175' title='bbox 424 1592 450 1639; x_wconf 91' lang='lat' dir='ltr'><strong><em>et</em></strong></span> <span class='ocrx_word' id='word_1_176' title='bbox 465 1583 562 1639; x_wconf 89' lang='lat' dir='ltr'><strong><em>divino</em></strong></span> <span class='ocrx_word' id='word_1_177' title='bbox 584 1581 697 1655; x_wconf 76' lang='lat' dir='ltr'><strong><em>popello</em></strong></span> <span class='ocrx_word' id='word_1_178' title='bbox 712 1575 1005 1644; x_wconf 86' lang='lat' dir='ltr'><strong><em>contremiscentes,ati</em></strong></span> <span class='ocrx_word' id='word_1_179' title='bbox 1054 1572 1217 1629; x_wconf 87' lang='lat' dir='ltr'><strong><em>dictumest</em></strong></span> <span class='ocrx_word' id='word_1_180' title='bbox 1234 1573 1278 1629; x_wconf 88' lang='lat' dir='ltr'><strong><em>ei:</em></strong></span> <span class='ocrx_word' id='word_1_181' title='bbox 1309 1573 1371 1630; x_wconf 83' lang='lat' dir='ltr'><strong><em>illes</em></strong></span> <span class='ocrx_word' id='word_1_182' title='bbox 1401 1573 1501 1629; x_wconf 85' lang='lat' dir='ltr'><strong><em>multos</em></strong></span> <span class='ocrx_word' id='word_1_183' title='bbox 1524 1569 1811 1642; x_wconf 59' lang='lat' dir='ltr'><strong><em>inspectationem</em></strong></span> <span class='ocrx_word' id='word_1_184' title='bbox 1830 1581 1889 1625; x_wconf 84' lang='lat' dir='ltr'><strong><em>non</em></strong></span> 
     </span>
     <span class='ocr_line' id='line_1_16' title="bbox 176 1658 1886 1750; baseline -0.011 -17"><span class='ocrx_word' id='word_1_185' title='bbox 176 1677 292 1750; x_wconf 88' lang='lat' dir='ltr'><strong><em>propria</em></strong></span> <span class='ocrx_word' id='word_1_186' title='bbox 307 1684 372 1730; x_wconf 83' lang='lat' dir='ltr'><strong><em>sant</em></strong></span> <span class='ocrx_word' id='word_1_187' title='bbox 401 1673 514 1738; x_wconf 85' lang='lat' dir='ltr'><strong><em>reversi,</em></strong></span> <span class='ocrx_word' id='word_1_188' title='bbox 530 1671 691 1742; x_wconf 73' lang='lat' dir='ltr'><strong><em>confitentes</em></strong></span> <span class='ocrx_word' id='word_1_189' title='bbox 717 1686 774 1725; x_wconf 87' lang='lat' dir='ltr'><strong><em>essc</em></strong></span> <span class='ocrx_word' id='word_1_190' title='bbox 789 1670 887 1738; x_wconf 74' lang='lat' dir='ltr'><strong><em>henin,</em></strong></span> <span class='ocrx_word' id='word_1_191' title='bbox 903 1667 1002 1738; x_wconf 82' lang='lat' dir='ltr'><strong><em>paint</em></strong></span> <span class='ocrx_word' id='word_1_192' title='bbox 1054 1662 1240 1747; x_wconf 57' lang='lat' dir='ltr'><strong><em>fornicaberis</em></strong></span> <span class='ocrx_word' id='word_1_193' title='bbox 1257 1672 1283 1720; x_wconf 88' lang='lat' dir='ltr'><strong><em>ct</em></strong></span> <span class='ocrx_word' id='word_1_194' title='bbox 1304 1679 1360 1720; x_wconf 89' lang='lat' dir='ltr'><strong><em>non</em></strong></span> <span class='ocrx_word' id='word_1_195' title='bbox 1375 1663 1503 1721; x_wconf 83' lang='lat' dir='ltr'><strong><em>crisoiro</em></strong></span> <span class='ocrx_word' id='word_1_196' title='bbox 1518 1661 1591 1735; x_wconf 85' lang='lat' dir='ltr'><strong><em>(Ore.</em></strong></span> <span class='ocrx_word' id='word_1_197' title='bbox 1616 1660 1670 1732; x_wconf 85' lang='grc' dir='ltr'>ιιι),</span> <span class='ocrx_word' id='word_1_198' title='bbox 1703 1658 1769 1731; x_wconf 87' lang='lat' dir='ltr'><strong><em>quia</em></strong></span> <span class='ocrx_word' id='word_1_199' title='bbox 1807 1658 1886 1730; x_wconf 88' lang='lat' dir='ltr'><strong><em>quod</em></strong></span> 
     </span>
     <span class='ocr_line' id='line_1_17' title="bbox 180 1748 1890 1837; baseline -0.011 -14"><span class='ocrx_word' id='word_1_200' title='bbox 180 1782 276 1823; x_wconf 88' lang='lat' dir='ltr'><strong><em>eornm</em></strong></span> <span class='ocrx_word' id='word_1_201' title='bbox 289 1763 513 1837; x_wconf 81' lang='lat' dir='ltr'><strong><em>propensioribus</em></strong></span> <span class='ocrx_word' id='word_1_202' title='bbox 528 1763 604 1829; x_wconf 80' lang='lat' dir='ltr'><strong><em>otono</em></strong></span> <span class='ocrx_word' id='word_1_203' title='bbox 617 1760 750 1833; x_wconf 89' lang='lat' dir='ltr'><strong><em>probatnr</em></strong></span> <span class='ocrx_word' id='word_1_204' title='bbox 765 1774 910 1831; x_wconf 88' lang='lat' dir='ltr'><strong><em>appensus.</em></strong></span> <span class='ocrx_word' id='word_1_205' title='bbox 1021 1753 1290 1830; x_wconf 77' lang='lat' dir='ltr'><strong><em>Bnoninrnioulur</em></strong></span> <span class='ocrx_word' id='word_1_206' title='bbox 1314 1768 1380 1808; x_wconf 90' lang='lat' dir='ltr'><strong><em>cum</em></strong></span> <span class='ocrx_word' id='word_1_207' title='bbox 1405 1753 1500 1819; x_wconf 89' lang='lat' dir='ltr'><strong><em>idolis,</em></strong></span> <span class='ocrx_word' id='word_1_208' title='bbox 1517 1765 1694 1808; x_wconf 83' lang='lat' dir='ltr'><strong><em>uonexsaa</em></strong></span> <span class='ocrx_word' id='word_1_209' title='bbox 1719 1754 1761 1805; x_wconf 84' lang='lat' dir='ltr'><strong><em>esi</em></strong></span> <span class='ocrx_word' id='word_1_210' title='bbox 1791 1748 1890 1804; x_wconf 89' lang='lat' dir='ltr'><strong><em>conti·</em></strong></span> 
     </span>
    </p>

    <p class='ocr_par' dir='ltr' id='par_1_3' title="bbox 177 1838 1885 2104">
     <span class='ocr_line' id='line_1_18' title="bbox 213 1838 1885 1919; baseline -0.011 -8"><span class='ocrx_word' id='word_1_211' title='bbox 213 1856 269 1912; x_wconf 86' lang='lat' dir='ltr'><strong><em>Gur</em></strong></span> <span class='ocrx_word' id='word_1_212' title='bbox 286 1854 347 1910; x_wconf 79' lang='lat' dir='ltr'><strong><em>bea</em></strong></span> <span class='ocrx_word' id='word_1_213' title='bbox 375 1854 414 1909; x_wconf 90' lang='lat' dir='ltr'><strong><em>ita</em></strong></span> <span class='ocrx_word' id='word_1_214' title='bbox 442 1868 472 1909; x_wconf 87' lang='lat' dir='ltr'><strong><em>se</em></strong></span> <span class='ocrx_word' id='word_1_215' title='bbox 501 1850 662 1917; x_wconf 82' lang='lat' dir='ltr'><strong><em>habuerint,</em></strong></span> <span class='ocrx_word' id='word_1_216' title='bbox 676 1865 741 1906; x_wconf 90' lang='lat' dir='ltr'><strong><em>oum</em></strong></span> <span class='ocrx_word' id='word_1_217' title='bbox 769 1847 931 1919; x_wconf 83' lang='lat' dir='ltr'><strong><em>imperatori</em></strong></span> <span class='ocrx_word' id='word_1_218' title='bbox 953 1848 1007 1902; x_wconf 88' lang='lat' dir='ltr'><strong><em>im·</em></strong></span> <span class='ocrx_word' id='word_1_219' title='bbox 1061 1841 1165 1897; x_wconf 78' lang='lat' dir='ltr'><strong><em>nentia</em></strong></span> <span class='ocrx_word' id='word_1_220' title='bbox 1180 1843 1352 1908; x_wconf 85' lang='lat' dir='ltr'><strong><em>virtrrte,sed</em></strong></span> <span class='ocrx_word' id='word_1_221' title='bbox 1368 1842 1521 1898; x_wconf 80' lang='lat' dir='ltr'><strong><em>endeleotu</em></strong></span> <span class='ocrx_word' id='word_1_222' title='bbox 1535 1838 1885 1909; x_wconf 81' lang='lat' dir='ltr'><strong><em>idololatrin,quampost</em></strong></span> 
     </span>
     <span class='ocr_line' id='line_1_19' title="bbox 177 1927 1882 2015; baseline -0.01 -16"><span class='ocrx_word' id='word_1_223' title='bbox 177 1944 306 2015; x_wconf 90' lang='lat' dir='ltr'><strong><em>piissimo</em></strong></span> <span class='ocrx_word' id='word_1_224' title='bbox 320 1944 391 1999; x_wconf 87' lang='lat' dir='ltr'><strong><em>eden</em></strong></span> <span class='ocrx_word' id='word_1_225' title='bbox 416 1943 569 2013; x_wconf 88' lang='lat' dir='ltr'><strong><em>placerent</em></strong></span> <span class='ocrx_word' id='word_1_226' title='bbox 583 1940 676 2011; x_wconf 89' lang='lat' dir='ltr'><strong><em>impii,</em></strong></span> <span class='ocrx_word' id='word_1_227' title='bbox 691 1942 829 2009; x_wconf 86' lang='lat' dir='ltr'><strong><em>quantum</em></strong></span> <span class='ocrx_word' id='word_1_228' title='bbox 854 1946 935 2008; x_wconf 87' lang='lat' dir='ltr'><strong><em>putas</em></strong></span> <span class='ocrx_word' id='word_1_229' title='bbox 949 1935 1007 2003; x_wconf 84' lang='lat' dir='ltr'><strong><em>spi·</em></strong></span> <span class='ocrx_word' id='word_1_230' title='bbox 1059 1931 1211 1986; x_wconf 81' lang='lat' dir='ltr'><strong><em>adtentum</em></strong></span> <span class='ocrx_word' id='word_1_231' title='bbox 1238 1931 1350 1997; x_wconf 77' lang='lat' dir='ltr'><strong><em>Christi,</em></strong></span> <span class='ocrx_word' id='word_1_232' title='bbox 1367 1945 1459 2003; x_wconf 83' lang='lat' dir='ltr'><strong><em>neque</em></strong></span> <span class='ocrx_word' id='word_1_233' title='bbox 1473 1929 1575 2002; x_wconf 82' lang='lat' dir='ltr'><strong><em>pagani</em></strong></span> <span class='ocrx_word' id='word_1_234' title='bbox 1591 1927 1734 2000; x_wconf 80' lang='lat' dir='ltr'><strong><em>principes</em></strong></span> <span class='ocrx_word' id='word_1_235' title='bbox 1747 1927 1882 1993; x_wconf 84' lang='lat' dir='ltr'><strong><em>retinere,</em></strong></span> 
     </span>
     <span class='ocr_line' id='line_1_20' title="bbox 178 2017 1682 2104; baseline -0.011 -14"><span class='ocrx_word' id='word_1_236' title='bbox 178 2034 264 2090; x_wconf 89' lang='lat' dir='ltr'><strong><em>ritum</em></strong></span> <span class='ocrx_word' id='word_1_237' title='bbox 280 2031 468 2104; x_wconf 81' lang='lat' dir='ltr'><strong><em>malignitatis</em></strong></span> <span class='ocrx_word' id='word_1_238' title='bbox 484 2031 598 2087; x_wconf 84' lang='lat' dir='ltr'><strong><em>sibimet</em></strong></span> <span class='ocrx_word' id='word_1_239' title='bbox 628 2029 835 2100; x_wconf 76' lang='lat' dir='ltr'><strong><em>aspiraverunt,</em></strong></span> <span class='ocrx_word' id='word_1_240' title='bbox 852 2035 878 2082; x_wconf 90' lang='lat' dir='ltr'><strong><em>et</em></strong></span> <span class='ocrx_word' id='word_1_241' title='bbox 905 2026 1008 2097; x_wconf 85' lang='lat' dir='ltr'><strong><em>quibus</em></strong></span> <span class='ocrx_word' id='word_1_242' title='bbox 1061 2034 1153 2091; x_wconf 85' lang='lat' dir='ltr'><strong><em>nequa</em></strong></span> <span class='ocrx_word' id='word_1_243' title='bbox 1175 2019 1370 2094; x_wconf 85' lang='lat' dir='ltr'><strong><em>istesposlnln</em></strong></span> <span class='ocrx_word' id='word_1_244' title='bbox 1390 2020 1481 2092; x_wconf 91' lang='lat' dir='ltr'><strong><em>potnit</em></strong></span> <span class='ocrx_word' id='word_1_245' title='bbox 1505 2017 1682 2076; x_wconf 87' lang='lat' dir='ltr'><strong><em>resuscitare.</em></strong></span> 
     </span>
    </p>
   </div>
   <div class='ocr_carea' id='block_1_3' title="bbox 114 2113 1891 5682">
    <p class='ocr_par' dir='ltr' id='par_1_4' title="bbox 114 2113 1891 5682">
     <span class='ocr_line' id='line_1_21' title="bbox 179 2113 1888 2197; baseline -0.005 -18"><span class='ocrx_word' id='word_1_246' title='bbox 179 2124 283 2190; x_wconf 89' lang='lat' dir='ltr'><strong><em>modis,</em></strong></span> <span class='ocrx_word' id='word_1_247' title='bbox 299 2123 516 2194; x_wconf 86' lang='lat' dir='ltr'><strong><em>quibuscunque</em></strong></span> <span class='ocrx_word' id='word_1_248' title='bbox 531 2121 561 2175; x_wconf 92' lang='lat' dir='ltr'><strong><em>in</em></strong></span> <span class='ocrx_word' id='word_1_249' title='bbox 586 2114 905 2184; x_wconf 87' lang='lat' dir='ltr'><strong><em>loaiserant,suumin</em></strong></span> <span class='ocrx_word' id='word_1_250' title='bbox 924 2113 1007 2170; x_wconf 84' lang='lat' dir='ltr'><strong><em>Chri·</em></strong></span> <span class='ocrx_word' id='word_1_251' title='bbox 1095 2125 1183 2195; x_wconf 67' lang='lat' dir='ltr'><strong><em>lgirnr</em></strong></span> <span class='ocrx_word' id='word_1_252' title='bbox 1212 2126 1308 2183; x_wconf 59' lang='lat' dir='ltr'><strong><em>horrus</em></strong></span> <span class='ocrx_word' id='word_1_253' title='bbox 1336 2125 1476 2197; x_wconf 62' lang='lat' dir='ltr'><strong><em>nuperus,</em></strong></span> <span class='ocrx_word' id='word_1_254' title='bbox 1516 2140 1580 2182; x_wconf 66' lang='lat' dir='ltr'><strong><em>eum</em></strong></span> <span class='ocrx_word' id='word_1_255' title='bbox 1609 2130 1746 2196; x_wconf 65' lang='lat' dir='ltr'><strong><em>utrosque</em></strong></span> <span class='ocrx_word' id='word_1_256' title='bbox 1774 2123 1888 2180; x_wconf 66' lang='lat' dir='ltr'><strong><em>seilicet</em></strong></span> 
     </span>
     <span class='ocr_line' id='line_1_22' title="bbox 114 2203 1888 2287; baseline -0.005 -9"><span class='ocrx_word' id='word_1_257' title='bbox 114 2271 122 2278; x_wconf 90' lang='grc'><strong><em>,</em></strong></span> <span class='ocrx_word' id='word_1_258' title='bbox 180 2203 1006 2281; x_wconf 61' lang='lat' dir='ltr'><strong><em>⁸¹i⁸⁰0⁸illisinaturali⁰di¹¹¹11⁰⁰⁰ll¹1¹⁰l¹ltill³sslsltf0·</em></strong></span> <span class='ocrx_word' id='word_1_259' title='bbox 1060 2215 1264 2286; x_wconf 78' lang='lat' dir='ltr'><strong><em>algentileset</em></strong></span> <span class='ocrx_word' id='word_1_260' title='bbox 1287 2215 1458 2284; x_wconf 69' lang='lat' dir='ltr'><strong><em>indenata</em></strong></span> <span class='ocrx_word' id='word_1_261' title='bbox 1486 2219 1586 2273; x_wconf 88' lang='lat' dir='ltr'><strong><em>eodem</em></strong></span> <span class='ocrx_word' id='word_1_262' title='bbox 1616 2213 1766 2287; x_wconf 85' lang='lat' dir='ltr'><strong><em>sacrilegio</em></strong></span> <span class='ocrx_word' id='word_1_263' title='bbox 1795 2212 1888 2270; x_wconf 80' lang='lat' dir='ltr'><strong><em>offen·</em></strong></span> 
     </span>
     <span class='ocr_line' id='line_1_23' title="bbox 180 2295 1891 2373; baseline 0.002 -17"><span class='ocrx_word' id='word_1_264' title='bbox 180 2300 376 2373; x_wconf 88' lang='lat' dir='ltr'><strong><em>sequentibus,</em></strong></span> <span class='ocrx_word' id='word_1_265' title='bbox 400 2298 580 2356; x_wconf 80' lang='lat' dir='ltr'><strong><em>adulantibus</em></strong></span> <span class='ocrx_word' id='word_1_266' title='bbox 613 2295 801 2369; x_wconf 82' lang='lat' dir='ltr'><strong><em>principibus,</em></strong></span> <span class='ocrx_word' id='word_1_267' title='bbox 816 2296 907 2351; x_wconf 67' lang='lat' dir='ltr'><strong><em>edicit</em></strong></span> <span class='ocrx_word' id='word_1_268' title='bbox 933 2309 1004 2365; x_wconf 74' lang='lat' dir='ltr'><strong><em>ltro·</em></strong></span> <span class='ocrx_word' id='word_1_269' title='bbox 1059 2303 1157 2370; x_wconf 88' lang='lat' dir='ltr'><strong><em>disset,</em></strong></span> <span class='ocrx_word' id='word_1_270' title='bbox 1184 2304 1299 2361; x_wconf 81' lang='lat' dir='ltr'><strong><em>verbum</em></strong></span> <span class='ocrx_word' id='word_1_271' title='bbox 1326 2306 1450 2362; x_wconf 82' lang='lat' dir='ltr'><strong><em>veritatis</em></strong></span> <span class='ocrx_word' id='word_1_272' title='bbox 1478 2304 1537 2362; x_wconf 90' lang='lat' dir='ltr'><strong><em>iliis</em></strong></span> <span class='ocrx_word' id='word_1_273' title='bbox 1562 2304 1753 2371; x_wconf 88' lang='lat' dir='ltr'><strong><em>ennuntiatal,</em></strong></span> <span class='ocrx_word' id='word_1_274' title='bbox 1777 2301 1891 2360; x_wconf 83' lang='lat' dir='ltr'><strong><em>scilicet</em></strong></span> 
     </span>
     <span class='ocr_line' id='line_1_24' title="bbox 182 2384 1887 2467; baseline 0.001 -21"><span class='ocrx_word' id='word_1_275' title='bbox 182 2388 369 2460; x_wconf 87' lang='lat' dir='ltr'><strong><em>ponentibus,</em></strong></span> <span class='ocrx_word' id='word_1_276' title='bbox 385 2396 518 2459; x_wconf 86' lang='lat' dir='ltr'><strong><em>tanquam</em></strong></span> <span class='ocrx_word' id='word_1_277' title='bbox 534 2384 791 2443; x_wconf 72' lang='lat' dir='ltr'><strong><em>benefacientibus-</em></strong></span> <span class='ocrx_word' id='word_1_278' title='bbox 1061 2392 1133 2449; x_wconf 90' lang='lat' dir='ltr'><strong><em>nibil</em></strong></span> <span class='ocrx_word' id='word_1_279' title='bbox 1147 2409 1210 2450; x_wconf 88' lang='lat' dir='ltr'><strong><em>esse</em></strong></span> <span class='ocrx_word' id='word_1_280' title='bbox 1238 2395 1293 2451; x_wconf 91' lang='lat' dir='ltr'><strong><em>nisi</em></strong></span> <span class='ocrx_word' id='word_1_281' title='bbox 1309 2395 1499 2466; x_wconf 82' lang='lat' dir='ltr'><strong><em>proditionem</em></strong></span> <span class='ocrx_word' id='word_1_282' title='bbox 1528 2395 1557 2451; x_wconf 89' lang='lat' dir='ltr'><strong><em>in</em></strong></span> <span class='ocrx_word' id='word_1_283' title='bbox 1581 2395 1743 2450; x_wconf 80' lang='lat' dir='ltr'><strong><em>demonum</em></strong></span> <span class='ocrx_word' id='word_1_284' title='bbox 1761 2392 1887 2467; x_wconf 83' lang='lat' dir='ltr'><strong><em>phanta-</em></strong></span> 
     </span>
     <span class='ocr_line' id='line_1_25' title="bbox 218 2471 1887 2554; baseline -0.002 -20"><span class='ocrx_word' id='word_1_285' title='bbox 218 2479 296 2535; x_wconf 69' lang='grc'><strong><em>210</em></strong></span> <span class='ocrx_word' id='word_1_286' title='bbox 311 2477 399 2549; x_wconf 74' lang='lat' dir='ltr'><strong><em>igilur</em></strong></span> <span class='ocrx_word' id='word_1_287' title='bbox 413 2483 529 2533; x_wconf 77' lang='lat' dir='ltr'><strong><em>satiatus</em></strong></span> <span class='ocrx_word' id='word_1_288' title='bbox 544 2474 726 2546; x_wconf 84' lang='lat' dir='ltr'><strong><em>liliphins,tir</em></strong></span> <span class='ocrx_word' id='word_1_289' title='bbox 740 2474 879 2538; x_wconf 72' lang='lat' dir='ltr'><strong><em>divinant</em></strong></span> <span class='ocrx_word' id='word_1_290' title='bbox 893 2471 1003 2544; x_wconf 80' lang='lat' dir='ltr'><strong><em>jemdl·</em></strong></span> <span class='ocrx_word' id='word_1_291' title='bbox 1060 2491 1160 2549; x_wconf 64' lang='lat' dir='ltr'><strong><em>smair,</em></strong></span> <span class='ocrx_word' id='word_1_292' title='bbox 1186 2484 1278 2554; x_wconf 72' lang='lat' dir='ltr'><strong><em>potius</em></strong></span> <span class='ocrx_word' id='word_1_293' title='bbox 1303 2485 1397 2542; x_wconf 64' lang='lat' dir='ltr'><strong><em>rivum</em></strong></span> <span class='ocrx_word' id='word_1_294' title='bbox 1424 2490 1453 2541; x_wconf 66' lang='lat' dir='ltr'><strong><em>ep</em></strong></span> <span class='ocrx_word' id='word_1_295' title='bbox 1473 2500 1572 2541; x_wconf 62' lang='lat' dir='ltr'><strong><em>verum</em></strong></span> <span class='ocrx_word' id='word_1_296' title='bbox 1602 2484 1703 2550; x_wconf 74' lang='lat' dir='ltr'><strong><em>neum,</em></strong></span> <span class='ocrx_word' id='word_1_297' title='bbox 1728 2493 1887 2539; x_wconf 60' lang='lat' dir='ltr'><strong><em>ereptorem</em></strong></span> 
     </span>
     <span class='ocr_line' id='line_1_26' title="bbox 186 2559 1888 2646; baseline -0.003 -13"><span class='ocrx_word' id='word_1_298' title='bbox 186 2576 265 2626; x_wconf 83' lang='lat' dir='ltr'><strong><em>etum</em></strong></span> <span class='ocrx_word' id='word_1_299' title='bbox 288 2575 340 2633; x_wconf 84' lang='lat' dir='ltr'><strong><em>cst,</em></strong></span> <span class='ocrx_word' id='word_1_300' title='bbox 367 2569 484 2635; x_wconf 77' lang='lat' dir='ltr'><strong><em>virtuts,</em></strong></span> <span class='ocrx_word' id='word_1_301' title='bbox 499 2580 642 2623; x_wconf 74' lang='lat' dir='ltr'><strong><em>carcerem</em></strong></span> <span class='ocrx_word' id='word_1_302' title='bbox 657 2579 797 2635; x_wconf 75' lang='lat' dir='ltr'><strong><em>egressus,</em></strong></span> <span class='ocrx_word' id='word_1_303' title='bbox 815 2563 882 2618; x_wconf 84' lang='lat' dir='ltr'><strong><em>oum</em></strong></span> <span class='ocrx_word' id='word_1_304' title='bbox 898 2559 1006 2618; x_wconf 78' lang='lat' dir='ltr'><strong><em>funeris</em></strong></span> <span class='ocrx_word' id='word_1_305' title='bbox 1060 2570 1218 2629; x_wconf 73' lang='lat' dir='ltr'><strong><em>visternum</em></strong></span> <span class='ocrx_word' id='word_1_306' title='bbox 1246 2580 1274 2630; x_wconf 82' lang='lat' dir='ltr'><strong><em>er</em></strong></span> <span class='ocrx_word' id='word_1_307' title='bbox 1299 2574 1494 2641; x_wconf 80' lang='lat' dir='ltr'><strong><em>invisibilium,</em></strong></span> <span class='ocrx_word' id='word_1_308' title='bbox 1510 2576 1629 2646; x_wconf 75' lang='lat' dir='ltr'><strong><em>crusque</em></strong></span> <span class='ocrx_word' id='word_1_309' title='bbox 1655 2571 1758 2629; x_wconf 73' lang='lat' dir='ltr'><strong><em>iillum</em></strong></span> <span class='ocrx_word' id='word_1_310' title='bbox 1787 2574 1888 2628; x_wconf 80' lang='lat' dir='ltr'><strong><em>nsum</em></strong></span> 
     </span>
     <span class='ocr_line' id='line_1_27' title="bbox 185 2654 1886 2733; baseline -0.001 -15"><span class='ocrx_word' id='word_1_311' title='bbox 185 2659 306 2715; x_wconf 86' lang='lat' dir='ltr'><strong><em>materni</em></strong></span> <span class='ocrx_word' id='word_1_312' title='bbox 319 2658 512 2729; x_wconf 80' lang='lat' dir='ltr'><strong><em>exsequitsde</em></strong></span> <span class='ocrx_word' id='word_1_313' title='bbox 523 2671 600 2713; x_wconf 75' lang='lat' dir='ltr'><strong><em>mute</em></strong></span> <span class='ocrx_word' id='word_1_314' title='bbox 612 2654 820 2726; x_wconf 46' lang='lat' dir='ltr'><strong><em>complevisti.</em></strong></span> <span class='ocrx_word' id='word_1_315' title='bbox 837 2657 1004 2719; x_wconf 60' lang='lat' dir='ltr'><strong><em>fitistiim</em></strong></span> <span class='ocrx_word' id='word_1_316' title='bbox 1061 2660 1187 2717; x_wconf 86' lang='lat' dir='ltr'><strong><em>Chistum</em></strong></span> <span class='ocrx_word' id='word_1_317' title='bbox 1199 2677 1263 2718; x_wconf 90' lang='lat' dir='ltr'><strong><em>rum</em></strong></span> <span class='ocrx_word' id='word_1_318' title='bbox 1277 2664 1382 2733; x_wconf 80' lang='lat' dir='ltr'><strong><em>spiritu</em></strong></span> <span class='ocrx_word' id='word_1_319' title='bbox 1399 2669 1497 2720; x_wconf 88' lang='lat' dir='ltr'><strong><em>sancto</em></strong></span> <span class='ocrx_word' id='word_1_320' title='bbox 1513 2663 1602 2720; x_wconf 88' lang='lat' dir='ltr'><strong><em>Deum</em></strong></span> <span class='ocrx_word' id='word_1_321' title='bbox 1629 2677 1718 2718; x_wconf 90' lang='lat' dir='ltr'><strong><em>unum</em></strong></span> <span class='ocrx_word' id='word_1_322' title='bbox 1738 2662 1886 2717; x_wconf 87' lang='lat' dir='ltr'><strong><em>crederent</em></strong></span> 
     </span>
     <span class='ocr_line' id='line_1_28' title="bbox 186 2741 1886 2824; baseline -0.009 -4"><span class='ocrx_word' id='word_1_323' title='bbox 186 2765 203 2803; x_wconf 70' lang='lat'>⁸</span> <span class='ocrx_word' id='word_1_324' title='bbox 222 2748 340 2821; x_wconf 63' lang='lat' dir='ltr'><strong><em>illinis</em></strong></span> <span class='ocrx_word' id='word_1_325' title='bbox 355 2747 492 2803; x_wconf 66' lang='lat' dir='ltr'><strong><em>fflifflibus</em></strong></span> <span class='ocrx_word' id='word_1_326' title='bbox 503 2761 586 2818; x_wconf 66' lang='lat' dir='ltr'><strong><em>(lustin</em></strong></span> <span class='ocrx_word' id='word_1_327' title='bbox 613 2744 757 2809; x_wconf 66' lang='lat' dir='ltr'><strong><em>fllssdaettr</em></strong></span> <span class='ocrx_word' id='word_1_328' title='bbox 772 2741 959 2813; x_wconf 77' lang='lat' dir='ltr'><strong><em>querebatur,</em></strong></span> <span class='ocrx_word' id='word_1_329' title='bbox 975 2743 1005 2796; x_wconf 90' lang='lat' dir='ltr'><strong><em>ol</em></strong></span> <span class='ocrx_word' id='word_1_330' title='bbox 1061 2756 1088 2807; x_wconf 88' lang='grc' dir='ltr'><strong><em>ει</em></strong></span> <span class='ocrx_word' id='word_1_331' title='bbox 1101 2752 1238 2822; x_wconf 86' lang='lat' dir='ltr'><strong><em>colerent,</em></strong></span> <span class='ocrx_word' id='word_1_332' title='bbox 1250 2767 1304 2824; x_wconf 86' lang='lat' dir='ltr'><strong><em>qua</em></strong></span> <span class='ocrx_word' id='word_1_333' title='bbox 1319 2759 1499 2824; x_wconf 87' lang='lat' dir='ltr'><strong><em>peccalorum</em></strong></span> <span class='ocrx_word' id='word_1_334' title='bbox 1515 2752 1720 2823; x_wconf 77' lang='lat' dir='ltr'><strong><em>indulgentiam</em></strong></span> <span class='ocrx_word' id='word_1_335' title='bbox 1735 2760 1763 2809; x_wconf 88' lang='lat' dir='ltr'><strong><em>et</em></strong></span> <span class='ocrx_word' id='word_1_336' title='bbox 1774 2750 1886 2821; x_wconf 87' lang='lat' dir='ltr'><strong><em>sempi-</em></strong></span> 
     </span>
     <span class='ocr_line' id='line_1_29' title="bbox 180 2828 1884 2913; baseline -0.002 -13"><span class='ocrx_word' id='word_1_337' title='bbox 180 2837 246 2909; x_wconf 86' lang='lat' dir='ltr'><strong><em>qnia</em></strong></span> <span class='ocrx_word' id='word_1_338' title='bbox 272 2854 329 2894; x_wconf 83' lang='lat'>11011</span> <span class='ocrx_word' id='word_1_339' title='bbox 345 2836 431 2892; x_wconf 69' lang='lat' dir='ltr'><strong><em>latetis</em></strong></span> <span class='ocrx_word' id='word_1_340' title='bbox 445 2834 566 2901; x_wconf 61' lang='lat' dir='ltr'><strong><em>volebat,</em></strong></span> <span class='ocrx_word' id='word_1_341' title='bbox 582 2832 646 2904; x_wconf 81' lang='lat' dir='ltr'><strong><em>quin</em></strong></span> <span class='ocrx_word' id='word_1_342' title='bbox 660 2832 825 2905; x_wconf 62' lang='lat' dir='ltr'><strong><em>martirium</em></strong></span> <span class='ocrx_word' id='word_1_343' title='bbox 854 2828 1003 2887; x_wconf 89' lang='lat' dir='ltr'><strong><em>nonrelu·</em></strong></span> <span class='ocrx_word' id='word_1_344' title='bbox 1063 2846 1171 2897; x_wconf 81' lang='lat' dir='ltr'><strong><em>ternam</em></strong></span> <span class='ocrx_word' id='word_1_345' title='bbox 1196 2841 1346 2898; x_wconf 81' lang='lat' dir='ltr'><strong><em>animabus</em></strong></span> <span class='ocrx_word' id='word_1_346' title='bbox 1374 2843 1433 2898; x_wconf 89' lang='lat' dir='ltr'><strong><em>snis</em></strong></span> <span class='ocrx_word' id='word_1_347' title='bbox 1463 2842 1588 2913; x_wconf 86' lang='lat' dir='ltr'><strong><em>requiem</em></strong></span> <span class='ocrx_word' id='word_1_348' title='bbox 1613 2841 1783 2898; x_wconf 82' lang='lat' dir='ltr'><strong><em>invenirent.</em></strong></span> <span class='ocrx_word' id='word_1_349' title='bbox 1814 2840 1884 2897; x_wconf 80' lang='lat' dir='ltr'><strong><em>Fere</em></strong></span> 
     </span>
     <span class='ocr_line' id='line_1_30' title="bbox 181 2918 1884 3002; baseline 0.004 -24"><span class='ocrx_word' id='word_1_350' title='bbox 181 2925 568 2997; x_wconf 69' lang='lat' dir='ltr'><strong><em>plebanaitorepertusest.</em></strong></span> <span class='ocrx_word' id='word_1_351' title='bbox 586 2920 907 2991; x_wconf 85' lang='lat' dir='ltr'><strong><em>Resersusnemqneia</em></strong></span> <span class='ocrx_word' id='word_1_352' title='bbox 932 2918 1003 2975; x_wconf 85' lang='lat' dir='ltr'><strong><em>oiri·</em></strong></span> <span class='ocrx_word' id='word_1_353' title='bbox 1061 2930 1187 2984; x_wconf 81' lang='lat' dir='ltr'><strong><em>sesaenli</em></strong></span> <span class='ocrx_word' id='word_1_354' title='bbox 1209 2937 1235 2985; x_wconf 92' lang='lat' dir='ltr'><strong><em>ct</em></strong></span> <span class='ocrx_word' id='word_1_355' title='bbox 1261 2930 1361 3000; x_wconf 82' lang='lat' dir='ltr'><strong><em>viginti</em></strong></span> <span class='ocrx_word' id='word_1_356' title='bbox 1390 2931 1593 3002; x_wconf 86' lang='lat' dir='ltr'><strong><em>riri,euceptis</em></strong></span> <span class='ocrx_word' id='word_1_357' title='bbox 1624 2930 1807 2999; x_wconf 87' lang='lat' dir='ltr'><strong><em>mulieribus,</em></strong></span> <span class='ocrx_word' id='word_1_358' title='bbox 1834 2944 1884 3000; x_wconf 87' lang='lat' dir='ltr'><strong><em>per</em></strong></span> 
     </span>
     <span class='ocr_line' id='line_1_31' title="bbox 179 3008 1887 3091; baseline 0.002 -21"><span class='ocrx_word' id='word_1_359' title='bbox 179 3022 265 3070; x_wconf 88' lang='lat' dir='ltr'><strong><em>tatem</em></strong></span> <span class='ocrx_word' id='word_1_360' title='bbox 285 3014 426 3070; x_wconf 85' lang='lat' dir='ltr'><strong><em>Grandem</em></strong></span> <span class='ocrx_word' id='word_1_361' title='bbox 442 3012 566 3077; x_wconf 87' lang='lat' dir='ltr'><strong><em>intrarit,</em></strong></span> <span class='ocrx_word' id='word_1_362' title='bbox 581 3010 628 3066; x_wconf 90' lang='lat' dir='ltr'><strong><em>nbi</em></strong></span> <span class='ocrx_word' id='word_1_363' title='bbox 641 3019 709 3066; x_wconf 89' lang='lat' dir='ltr'><strong><em>tnnc</em></strong></span> <span class='ocrx_word' id='word_1_364' title='bbox 724 3009 858 3079; x_wconf 89' lang='lat' dir='ltr'><strong><em>temporis</em></strong></span> <span class='ocrx_word' id='word_1_365' title='bbox 871 3008 1004 3064; x_wconf 83' lang='lat' dir='ltr'><strong><em>lulianus</em></strong></span> <span class='ocrx_word' id='word_1_366' title='bbox 1061 3015 1137 3072; x_wconf 81' lang='lat' dir='ltr'><strong><em>illem</em></strong></span> <span class='ocrx_word' id='word_1_367' title='bbox 1154 3018 1214 3086; x_wconf 88' lang='lat' dir='ltr'><strong><em>ejvs</em></strong></span> <span class='ocrx_word' id='word_1_368' title='bbox 1229 3019 1454 3076; x_wconf 75' lang='lat' dir='ltr'><strong><em>arimonitionem</em></strong></span> <span class='ocrx_word' id='word_1_369' title='bbox 1476 3021 1566 3090; x_wconf 81' lang='lat' dir='ltr'><strong><em>gratie</em></strong></span> <span class='ocrx_word' id='word_1_370' title='bbox 1583 3019 1698 3076; x_wconf 83' lang='lat' dir='ltr'><strong><em>bamini</em></strong></span> <span class='ocrx_word' id='word_1_371' title='bbox 1714 3024 1887 3091; x_wconf 86' lang='lat' dir='ltr'><strong><em>cooperante</em></strong></span> 
     </span>
     <span class='ocr_line' id='line_1_32' title="bbox 179 3097 1889 3199; baseline 0.003 -39"><span class='ocrx_word' id='word_1_372' title='bbox 179 3101 268 3157; x_wconf 81' lang='lat' dir='ltr'><strong><em>fuisse</em></strong></span> <span class='ocrx_word' id='word_1_373' title='bbox 285 3109 467 3158; x_wconf 80' lang='lat' dir='ltr'><strong><em>memoratur.</em></strong></span> <span class='ocrx_word' id='word_1_374' title='bbox 481 3099 598 3156; x_wconf 76' lang='lat' dir='ltr'><strong><em>Duobus</em></strong></span> <span class='ocrx_word' id='word_1_375' title='bbox 611 3098 717 3154; x_wconf 74' lang='lat' dir='ltr'><strong><em>ibidem</em></strong></span> <span class='ocrx_word' id='word_1_376' title='bbox 747 3104 872 3153; x_wconf 66' lang='lat' dir='ltr'><strong><em>milatus</em></strong></span> <span class='ocrx_word' id='word_1_377' title='bbox 891 3097 1002 3164; x_wconf 63' lang='lat' dir='ltr'><strong><em>diibus,</em></strong></span> <span class='ocrx_word' id='word_1_378' title='bbox 1022 3131 1044 3199; x_wconf 71' lang='lat' dir='ltr'>c</span> <span class='ocrx_word' id='word_1_379' title='bbox 1059 3107 1211 3164; x_wconf 79' lang='lat' dir='ltr'><strong><em>credidisse</em></strong></span> <span class='ocrx_word' id='word_1_380' title='bbox 1226 3114 1253 3164; x_wconf 89' lang='lat' dir='ltr'><strong><em>et</em></strong></span> <span class='ocrx_word' id='word_1_381' title='bbox 1268 3107 1440 3178; x_wconf 90' lang='lat' dir='ltr'><strong><em>baptismum</em></strong></span> <span class='ocrx_word' id='word_1_382' title='bbox 1456 3110 1556 3165; x_wconf 87' lang='lat' dir='ltr'><strong><em>salutis</em></strong></span> <span class='ocrx_word' id='word_1_383' title='bbox 1570 3108 1729 3181; x_wconf 83' lang='lat' dir='ltr'><strong><em>suscepisse</em></strong></span> <span class='ocrx_word' id='word_1_384' title='bbox 1744 3108 1889 3165; x_wconf 85' lang='lat' dir='ltr'><strong><em>seruntur.</em></strong></span> 
     </span>
     <span class='ocr_line' id='line_1_33' title="bbox 179 3185 1888 3270; baseline 0.001 -24"><span class='ocrx_word' id='word_1_385' title='bbox 179 3189 268 3246; x_wconf 88' lang='lat' dir='ltr'><strong><em>mulla</em></strong></span> <span class='ocrx_word' id='word_1_386' title='bbox 283 3205 340 3246; x_wconf 89' lang='lat' dir='ltr'><strong><em>non</em></strong></span> <span class='ocrx_word' id='word_1_387' title='bbox 356 3190 455 3263; x_wconf 88' lang='lat' dir='ltr'><strong><em>pavois</em></strong></span> <span class='ocrx_word' id='word_1_388' title='bbox 465 3187 603 3244; x_wconf 83' lang='lat' dir='ltr'><strong><em>beneficia</em></strong></span> <span class='ocrx_word' id='word_1_389' title='bbox 617 3187 747 3258; x_wconf 74' lang='lat' dir='ltr'><strong><em>praeslrtlt</em></strong></span> <span class='ocrx_word' id='word_1_390' title='bbox 762 3185 1004 3242; x_wconf 78' lang='lat' dir='ltr'><strong><em>infirmis&#39;l&#39;rans·</em></strong></span> <span class='ocrx_word' id='word_1_391' title='bbox 1060 3194 1232 3253; x_wconf 60' lang='lat' dir='ltr'><strong><em>monsirentur</em></strong></span> <span class='ocrx_word' id='word_1_392' title='bbox 1253 3213 1312 3267; x_wconf 69' lang='lat' dir='ltr'><strong><em>paep</em></strong></span> <span class='ocrx_word' id='word_1_393' title='bbox 1337 3197 1506 3269; x_wconf 68' lang='lat' dir='ltr'><strong><em>impiissimo</em></strong></span> <span class='ocrx_word' id='word_1_394' title='bbox 1520 3198 1646 3265; x_wconf 69' lang='lat' dir='ltr'><strong><em>tuliano,</em></strong></span> <span class='ocrx_word' id='word_1_395' title='bbox 1661 3198 1709 3270; x_wconf 78' lang='lat' dir='ltr'><strong><em>qni</em></strong></span> <span class='ocrx_word' id='word_1_396' title='bbox 1732 3207 1801 3253; x_wconf 80' lang='lat' dir='ltr'><strong><em>runo</em></strong></span> <span class='ocrx_word' id='word_1_397' title='bbox 1816 3203 1888 3253; x_wconf 81' lang='lat' dir='ltr'><strong><em>tern-</em></strong></span> 
     </span>
     <span class='ocr_line' id='line_1_34' title="bbox 178 3276 1886 3357; baseline 0.005 -21"><span class='ocrx_word' id='word_1_398' title='bbox 178 3282 298 3352; x_wconf 83' lang='lat' dir='ltr'><strong><em>iensque</em></strong></span> <span class='ocrx_word' id='word_1_399' title='bbox 321 3281 450 3348; x_wconf 84' lang='lat' dir='ltr'><strong><em>flurium,</em></strong></span> <span class='ocrx_word' id='word_1_400' title='bbox 470 3279 588 3335; x_wconf 88' lang='lat' dir='ltr'><strong><em>nomine</em></strong></span> <span class='ocrx_word' id='word_1_401' title='bbox 616 3277 730 3344; x_wconf 81' lang='lat' dir='ltr'><strong><em>Veram,</em></strong></span> <span class='ocrx_word' id='word_1_402' title='bbox 754 3276 872 3333; x_wconf 87' lang='lat' dir='ltr'><strong><em>ollendit</em></strong></span> <span class='ocrx_word' id='word_1_403' title='bbox 900 3277 1005 3346; x_wconf 84' lang='lat' dir='ltr'><strong><em>impius</em></strong></span> <span class='ocrx_word' id='word_1_404' title='bbox 1059 3285 1145 3355; x_wconf 89' lang='lat' dir='ltr'><strong><em>poris,</em></strong></span> <span class='ocrx_word' id='word_1_405' title='bbox 1162 3292 1190 3341; x_wconf 90' lang='lat' dir='ltr'><strong><em>ul</em></strong></span> <span class='ocrx_word' id='word_1_406' title='bbox 1202 3285 1261 3354; x_wconf 80' lang='lat' dir='ltr'><strong><em>inm</em></strong></span> <span class='ocrx_word' id='word_1_407' title='bbox 1283 3286 1390 3343; x_wconf 84' lang='lat' dir='ltr'><strong><em>dietum</em></strong></span> <span class='ocrx_word' id='word_1_408' title='bbox 1406 3295 1459 3357; x_wconf 90' lang='lat' dir='ltr'><strong><em>est,</em></strong></span> <span class='ocrx_word' id='word_1_409' title='bbox 1474 3290 1505 3344; x_wconf 91' lang='lat' dir='ltr'><strong><em>in</em></strong></span> <span class='ocrx_word' id='word_1_410' title='bbox 1526 3288 1625 3344; x_wconf 87' lang='lat' dir='ltr'><strong><em>endem</em></strong></span> <span class='ocrx_word' id='word_1_411' title='bbox 1652 3287 1749 3343; x_wconf 82' lang='lat' dir='ltr'><strong><em>Galliae</em></strong></span> <span class='ocrx_word' id='word_1_412' title='bbox 1772 3286 1886 3344; x_wconf 81' lang='lat' dir='ltr'><strong><em>civitate</em></strong></span> 
     </span>
     <span class='ocr_line' id='line_1_35' title="bbox 178 3365 1886 3435; baseline -0.001 -8"><span class='ocrx_word' id='word_1_413' title='bbox 178 3374 359 3427; x_wconf 82' lang='lat' dir='ltr'><strong><em>exsecutores</em></strong></span> <span class='ocrx_word' id='word_1_414' title='bbox 381 3370 543 3424; x_wconf 79' lang='lat' dir='ltr'><strong><em>demonum</em></strong></span> <span class='ocrx_word' id='word_1_415' title='bbox 573 3367 713 3424; x_wconf 88' lang='lat' dir='ltr'><strong><em>theassin</em></strong></span> <span class='ocrx_word' id='word_1_416' title='bbox 740 3365 833 3424; x_wconf 85' lang='lat' dir='ltr'><strong><em>littore</em></strong></span> <span class='ocrx_word' id='word_1_417' title='bbox 857 3367 1002 3435; x_wconf 75' lang='lat' dir='ltr'><strong><em>colentes,</em></strong></span> <span class='ocrx_word' id='word_1_418' title='bbox 1058 3372 1164 3429; x_wconf 70' lang='lat' dir='ltr'><strong><em>Grandi</em></strong></span> <span class='ocrx_word' id='word_1_419' title='bbox 1190 3375 1522 3433; x_wconf 63' lang='lat' dir='ltr'><strong><em>morabaturlnrerrum</em></strong></span> <span class='ocrx_word' id='word_1_420' title='bbox 1551 3386 1646 3433; x_wconf 70' lang='lat' dir='ltr'><strong><em>aurern</em></strong></span> <span class='ocrx_word' id='word_1_421' title='bbox 1676 3384 1769 3431; x_wconf 76' lang='lat' dir='ltr'><strong><em>uorum</em></strong></span> <span class='ocrx_word' id='word_1_422' title='bbox 1789 3376 1886 3433; x_wconf 63' lang='lat' dir='ltr'><strong><em>cnser-</em></strong></span> 
     </span>
     <span class='ocr_line' id='line_1_36' title="bbox 177 3454 1885 3536; baseline 0.002 -17"><span class='ocrx_word' id='word_1_423' title='bbox 177 3458 290 3515; x_wconf 77' lang='lat' dir='ltr'><strong><em>lndaeos</em></strong></span> <span class='ocrx_word' id='word_1_424' title='bbox 318 3458 424 3514; x_wconf 68' lang='lat' dir='ltr'><strong><em>ibidem</em></strong></span> <span class='ocrx_word' id='word_1_425' title='bbox 451 3459 482 3513; x_wconf 83' lang='lat' dir='ltr'><strong><em>in</em></strong></span> <span class='ocrx_word' id='word_1_426' title='bbox 509 3456 607 3513; x_wconf 60' lang='lat' dir='ltr'><strong><em>⁰011&amp;OE</em></strong></span> <span class='ocrx_word' id='word_1_427' title='bbox 635 3454 785 3522; x_wconf 69' lang='lat' dir='ltr'><strong><em>ttitililti⁰</em></strong></span> <span class='ocrx_word' id='word_1_428' title='bbox 810 3472 865 3512; x_wconf 78' lang='lat' dir='ltr'>¹10ss</span> <span class='ocrx_word' id='word_1_429' title='bbox 881 3456 1004 3513; x_wconf 68' lang='lat' dir='ltr'><strong><em>defuisti</em></strong></span> <span class='ocrx_word' id='word_1_430' title='bbox 1059 3469 1230 3528; x_wconf 75' lang='lat' dir='ltr'><strong><em>tantumne</em></strong></span> <span class='ocrx_word' id='word_1_431' title='bbox 1255 3464 1340 3520; x_wconf 89' lang='lat' dir='ltr'><strong><em>eliam</em></strong></span> <span class='ocrx_word' id='word_1_432' title='bbox 1357 3465 1510 3536; x_wconf 88' lang='lat' dir='ltr'><strong><em>imperator</em></strong></span> <span class='ocrx_word' id='word_1_433' title='bbox 1526 3474 1598 3522; x_wconf 89' lang='lat' dir='ltr'><strong><em>esset</em></strong></span> <span class='ocrx_word' id='word_1_434' title='bbox 1614 3465 1672 3522; x_wconf 89' lang='lat' dir='ltr'><strong><em>illis</em></strong></span> <span class='ocrx_word' id='word_1_435' title='bbox 1686 3465 1797 3521; x_wconf 89' lang='lat' dir='ltr'><strong><em>diebus.</em></strong></span> <span class='ocrx_word' id='word_1_436' title='bbox 1811 3464 1885 3522; x_wconf 85' lang='lat' dir='ltr'><strong><em>Nam</em></strong></span> 
     </span>
     <span class='ocr_line' id='line_1_37' title="bbox 182 3544 1884 3626; baseline 0.001 -21"><span class='ocrx_word' id='word_1_437' title='bbox 182 3555 394 3605; x_wconf 84' lang='lat' dir='ltr'><strong><em>narretumest.</em></strong></span> <span class='ocrx_word' id='word_1_438' title='bbox 421 3547 590 3602; x_wconf 78' lang='lat' dir='ltr'><strong><em>docentem</em></strong></span> <span class='ocrx_word' id='word_1_439' title='bbox 619 3544 751 3602; x_wconf 87' lang='lat' dir='ltr'><strong><em>lriralum</em></strong></span> <span class='ocrx_word' id='word_1_440' title='bbox 779 3545 1002 3615; x_wconf 80' lang='lat' dir='ltr'><strong><em>nimisquasim·</em></strong></span> <span class='ocrx_word' id='word_1_441' title='bbox 1056 3565 1120 3606; x_wconf 80' lang='lat' dir='ltr'><strong><em>corn</em></strong></span> <span class='ocrx_word' id='word_1_442' title='bbox 1149 3552 1322 3610; x_wconf 74' lang='lat' dir='ltr'><strong><em>annotertio</em></strong></span> <span class='ocrx_word' id='word_1_443' title='bbox 1347 3555 1461 3625; x_wconf 71' lang='lat' dir='ltr'><strong><em>imperil</em></strong></span> <span class='ocrx_word' id='word_1_444' title='bbox 1490 3556 1884 3626; x_wconf 78' lang='lat' dir='ltr'><strong><em>sui‚soptirnoueroeano</em></strong></span> 
     </span>
     <span class='ocr_line' id='line_1_38' title="bbox 182 3634 1879 3708; baseline 0.001 -15"><span class='ocrx_word' id='word_1_445' title='bbox 182 3637 296 3708; x_wconf 89' lang='lat' dir='ltr'><strong><em>pliciter</em></strong></span> <span class='ocrx_word' id='word_1_446' title='bbox 309 3638 417 3693; x_wconf 88' lang='lat' dir='ltr'><strong><em>dictum</em></strong></span> <span class='ocrx_word' id='word_1_447' title='bbox 446 3636 580 3693; x_wconf 90' lang='lat' dir='ltr'><strong><em>nonnulli</em></strong></span> <span class='ocrx_word' id='word_1_448' title='bbox 601 3635 774 3704; x_wconf 86' lang='lat' dir='ltr'><strong><em>existimant,</em></strong></span> <span class='ocrx_word' id='word_1_449' title='bbox 791 3652 840 3706; x_wconf 86' lang='lat' dir='ltr'><strong><em>pro</em></strong></span> <span class='ocrx_word' id='word_1_450' title='bbox 865 3651 899 3692; x_wconf 90' lang='lat' dir='ltr'><strong><em>ea</em></strong></span> <span class='ocrx_word' id='word_1_451' title='bbox 927 3634 1003 3705; x_wconf 85' lang='lat' dir='ltr'><strong><em>quod</em></strong></span> <span class='ocrx_word' id='word_1_452' title='bbox 1056 3640 1178 3698; x_wconf 70' lang='lat' dir='ltr'><strong><em>Gnoses</em></strong></span> <span class='ocrx_word' id='word_1_453' title='bbox 1201 3642 1367 3699; x_wconf 75' lang='lat' dir='ltr'><strong><em>Constantio</em></strong></span> <span class='ocrx_word' id='word_1_454' title='bbox 1393 3643 1665 3708; x_wconf 67' lang='lat' dir='ltr'><strong><em>superseminatae,</em></strong></span> <span class='ocrx_word' id='word_1_455' title='bbox 1689 3646 1754 3701; x_wconf 69' lang='lat' dir='ltr'><strong><em>virm</em></strong></span> <span class='ocrx_word' id='word_1_456' title='bbox 1781 3650 1879 3702; x_wconf 74' lang='lat' dir='ltr'><strong><em>autam</em></strong></span> 
     </span>
     <span class='ocr_line' id='line_1_39' title="bbox 179 3724 1882 3805; baseline 0.005 -22"><span class='ocrx_word' id='word_1_457' title='bbox 179 3726 284 3783; x_wconf 85' lang='lat' dir='ltr'><strong><em>nostris</em></strong></span> <span class='ocrx_word' id='word_1_458' title='bbox 298 3725 474 3796; x_wconf 86' lang='lat' dir='ltr'><strong><em>temporibus</em></strong></span> <span class='ocrx_word' id='word_1_459' title='bbox 499 3726 556 3782; x_wconf 86' lang='lat' dir='ltr'><strong><em>tale</em></strong></span> <span class='ocrx_word' id='word_1_460' title='bbox 585 3725 652 3797; x_wconf 87' lang='lat' dir='ltr'><strong><em>quid</em></strong></span> <span class='ocrx_word' id='word_1_461' title='bbox 681 3725 755 3781; x_wconf 89' lang='lat' dir='ltr'><strong><em>inter</em></strong></span> <span class='ocrx_word' id='word_1_462' title='bbox 782 3724 929 3795; x_wconf 82' lang='lat' dir='ltr'><strong><em>sacrilegia</em></strong></span> <span class='ocrx_word' id='word_1_463' title='bbox 952 3724 1002 3780; x_wconf 91' lang='lat' dir='ltr'><strong><em>lu·</em></strong></span> <span class='ocrx_word' id='word_1_464' title='bbox 1055 3746 1133 3788; x_wconf 91' lang='lat' dir='ltr'><strong><em>anno</em></strong></span> <span class='ocrx_word' id='word_1_465' title='bbox 1145 3732 1287 3803; x_wconf 75' lang='lat' dir='ltr'><strong><em>trigesima</em></strong></span> <span class='ocrx_word' id='word_1_466' title='bbox 1303 3734 1404 3805; x_wconf 89' lang='lat' dir='ltr'><strong><em>primo,</em></strong></span> <span class='ocrx_word' id='word_1_467' title='bbox 1421 3733 1571 3791; x_wconf 87' lang='lat' dir='ltr'><strong><em>delunalns</em></strong></span> <span class='ocrx_word' id='word_1_468' title='bbox 1585 3734 1682 3804; x_wconf 89' lang='lat' dir='ltr'><strong><em>luerit,</em></strong></span> <span class='ocrx_word' id='word_1_469' title='bbox 1697 3740 1795 3792; x_wconf 91' lang='lat' dir='ltr'><strong><em>utrum</em></strong></span> <span class='ocrx_word' id='word_1_470' title='bbox 1811 3743 1882 3791; x_wconf 89' lang='lat' dir='ltr'><strong><em>tem·</em></strong></span> 
     </span>
     <span class='ocr_line' id='line_1_40' title="bbox 179 3812 1877 3895; baseline 0.006 -23"><span class='ocrx_word' id='word_1_471' title='bbox 179 3817 305 3872; x_wconf 77' lang='lat' dir='ltr'><strong><em>deornm</em></strong></span> <span class='ocrx_word' id='word_1_472' title='bbox 329 3831 387 3872; x_wconf 90' lang='lat' dir='ltr'><strong><em>non</em></strong></span> <span class='ocrx_word' id='word_1_473' title='bbox 404 3814 564 3886; x_wconf 82' lang='lat' dir='ltr'><strong><em>reperitur;</em></strong></span> <span class='ocrx_word' id='word_1_474' title='bbox 592 3829 684 3884; x_wconf 88' lang='lat' dir='ltr'><strong><em>nequo</em></strong></span> <span class='ocrx_word' id='word_1_475' title='bbox 712 3814 789 3870; x_wconf 90' lang='lat' dir='ltr'><strong><em>enim</em></strong></span> <span class='ocrx_word' id='word_1_476' title='bbox 804 3829 882 3871; x_wconf 83' lang='lat' dir='ltr'><strong><em>nunc</em></strong></span> <span class='ocrx_word' id='word_1_477' title='bbox 910 3812 1002 3869; x_wconf 78' lang='lat' dir='ltr'><strong><em>Judoei</em></strong></span> <span class='ocrx_word' id='word_1_478' title='bbox 1056 3836 1124 3890; x_wconf 90' lang='lat' dir='ltr'><strong><em>pore</em></strong></span> <span class='ocrx_word' id='word_1_479' title='bbox 1142 3820 1253 3892; x_wconf 88' lang='lat' dir='ltr'><strong><em>imperii</em></strong></span> <span class='ocrx_word' id='word_1_480' title='bbox 1281 3824 1325 3878; x_wconf 90' lang='lat' dir='ltr'><strong><em>sui</em></strong></span> <span class='ocrx_word' id='word_1_481' title='bbox 1348 3824 1502 3895; x_wconf 82' lang='lat' dir='ltr'><strong><em>aliquando</em></strong></span> <span class='ocrx_word' id='word_1_482' title='bbox 1526 3825 1561 3879; x_wconf 88' lang='lat' dir='ltr'><strong><em>ad</em></strong></span> <span class='ocrx_word' id='word_1_483' title='bbox 1591 3824 1697 3880; x_wconf 84' lang='lat' dir='ltr'><strong><em>Gallias</em></strong></span> <span class='ocrx_word' id='word_1_484' title='bbox 1721 3823 1877 3893; x_wconf 86' lang='lat' dir='ltr'><strong><em>transierit,</em></strong></span> 
     </span>
     <span class='ocr_line' id='line_1_41' title="bbox 177 3899 1886 3984; baseline 0.002 -24"><span class='ocrx_word' id='word_1_485' title='bbox 177 3902 900 3970; x_wconf 64' lang='lat' dir='ltr'><strong><em>idolisimmolantemunnmetsolumcreatorem</em></strong></span> <span class='ocrx_word' id='word_1_486' title='bbox 911 3899 1001 3956; x_wconf 88' lang='lat' dir='ltr'><strong><em>Deum</em></strong></span> <span class='ocrx_word' id='word_1_487' title='bbox 1056 3919 1231 3980; x_wconf 72' lang='lat' dir='ltr'><strong><em>compertum</em></strong></span> <span class='ocrx_word' id='word_1_488' title='bbox 1261 3927 1295 3967; x_wconf 68' lang='grc' dir='ltr'>εχ</span> <span class='ocrx_word' id='word_1_489' title='bbox 1320 3911 1444 3968; x_wconf 73' lang='lat' dir='ltr'><strong><em>hissoriis</em></strong></span> <span class='ocrx_word' id='word_1_490' title='bbox 1469 3928 1528 3969; x_wconf 75' lang='lat' dir='ltr'><strong><em>non</em></strong></span> <span class='ocrx_word' id='word_1_491' title='bbox 1558 3914 1708 3984; x_wconf 66' lang='lat' dir='ltr'><strong><em>hahemus,</em></strong></span> <span class='ocrx_word' id='word_1_492' title='bbox 1739 3913 1789 3971; x_wconf 71' lang='lat' dir='ltr'><strong><em>sod</em></strong></span> <span class='ocrx_word' id='word_1_493' title='bbox 1817 3928 1886 3971; x_wconf 78' lang='lat' dir='ltr'><strong><em>rum</em></strong></span> 
     </span>
     <span class='ocr_line' id='line_1_42' title="bbox 177 3989 1887 4067; baseline 0.002 -18"><span class='ocrx_word' id='word_1_494' title='bbox 177 4008 208 4049; x_wconf 84' lang='lat' dir='ltr'><strong><em>se</em></strong></span> <span class='ocrx_word' id='word_1_495' title='bbox 222 3994 339 4049; x_wconf 86' lang='lat' dir='ltr'><strong><em>adurere</em></strong></span> <span class='ocrx_word' id='word_1_496' title='bbox 355 3992 478 4049; x_wconf 89' lang='lat' dir='ltr'><strong><em>inaniter</em></strong></span> <span class='ocrx_word' id='word_1_497' title='bbox 500 3992 619 4060; x_wconf 80' lang='lat' dir='ltr'><strong><em>iactant.</em></strong></span> <span class='ocrx_word' id='word_1_498' title='bbox 637 3992 774 4062; x_wconf 87' lang='lat' dir='ltr'><strong><em>Optarent</em></strong></span> <span class='ocrx_word' id='word_1_499' title='bbox 802 4005 868 4061; x_wconf 73' lang='lat' dir='ltr'><strong><em>ergo</em></strong></span> <span class='ocrx_word' id='word_1_500' title='bbox 884 3989 1003 4045; x_wconf 90' lang='lat' dir='ltr'><strong><em>studiosi</em></strong></span> <span class='ocrx_word' id='word_1_501' title='bbox 1056 3997 1148 4054; x_wconf 66' lang='lat' dir='ltr'><strong><em>cieris</em></strong></span> <span class='ocrx_word' id='word_1_502' title='bbox 1164 4005 1246 4067; x_wconf 74' lang='lat' dir='ltr'><strong><em>esset,</em></strong></span> <span class='ocrx_word' id='word_1_503' title='bbox 1263 4004 1333 4056; x_wconf 79' lang='lat' dir='ltr'><strong><em>tuno</em></strong></span> <span class='ocrx_word' id='word_1_504' title='bbox 1347 4015 1413 4057; x_wconf 73' lang='lat' dir='ltr'><strong><em>eum</em></strong></span> <span class='ocrx_word' id='word_1_505' title='bbox 1439 4002 1469 4058; x_wconf 80' lang='lat' dir='ltr'><strong><em>in</em></strong></span> <span class='ocrx_word' id='word_1_506' title='bbox 1485 4001 1593 4059; x_wconf 67' lang='lat' dir='ltr'><strong><em>Gallias</em></strong></span> <span class='ocrx_word' id='word_1_507' title='bbox 1607 4003 1718 4059; x_wconf 69' lang='lat' dir='ltr'><strong><em>senisse</em></strong></span> <span class='ocrx_word' id='word_1_508' title='bbox 1742 4019 1801 4060; x_wconf 79' lang='lat' dir='ltr'><strong><em>non</em></strong></span> <span class='ocrx_word' id='word_1_509' title='bbox 1829 4004 1887 4060; x_wconf 81' lang='lat' dir='ltr'><strong><em>du-</em></strong></span> 
     </span>
     <span class='ocr_line' id='line_1_43' title="bbox 177 4079 1882 4162; baseline 0.009 -25"><span class='ocrx_word' id='word_1_510' title='bbox 177 4081 297 4138; x_wconf 88' lang='lat' dir='ltr'><strong><em>lectores</em></strong></span> <span class='ocrx_word' id='word_1_511' title='bbox 321 4081 403 4137; x_wconf 88' lang='lat' dir='ltr'><strong><em>aliter</em></strong></span> <span class='ocrx_word' id='word_1_512' title='bbox 431 4080 601 4151; x_wconf 89' lang='lat' dir='ltr'><strong><em>scriptarum</em></strong></span> <span class='ocrx_word' id='word_1_513' title='bbox 631 4079 735 4135; x_wconf 83' lang='lat' dir='ltr'><strong><em>dixisse</em></strong></span> <span class='ocrx_word' id='word_1_514' title='bbox 750 4095 832 4149; x_wconf 82' lang='lat' dir='ltr'><strong><em>quem</em></strong></span> <span class='ocrx_word' id='word_1_515' title='bbox 861 4079 932 4135; x_wconf 82' lang='lat' dir='ltr'><strong><em>dixit</em></strong></span> <span class='ocrx_word' id='word_1_516' title='bbox 954 4085 1002 4135; x_wconf 86' lang='lat' dir='ltr'><strong><em>aul</em></strong></span> <span class='ocrx_word' id='word_1_517' title='bbox 1055 4086 1373 4159; x_wconf 86' lang='lat' dir='ltr'><strong><em>hinmest.lmperator</em></strong></span> <span class='ocrx_word' id='word_1_518' title='bbox 1399 4091 1504 4162; x_wconf 83' lang='lat' dir='ltr'><strong><em>quippe</em></strong></span> <span class='ocrx_word' id='word_1_519' title='bbox 1532 4091 1882 4160; x_wconf 84' lang='lat' dir='ltr'><strong><em>Constamins,uteccle·</em></strong></span> 
     </span>
     <span class='ocr_line' id='line_1_44' title="bbox 178 4167 1883 4245; baseline 0.006 -18"><span class='ocrx_word' id='word_1_520' title='bbox 178 4170 300 4240; x_wconf 87' lang='lat' dir='ltr'><strong><em>scripsit.</em></strong></span> <span class='ocrx_word' id='word_1_521' title='bbox 317 4169 468 4225; x_wconf 78' lang='lat' dir='ltr'><strong><em>Premissa</em></strong></span> <span class='ocrx_word' id='word_1_522' title='bbox 484 4184 616 4239; x_wconf 81' lang='lat' dir='ltr'><strong><em>namquo,</em></strong></span> <span class='ocrx_word' id='word_1_523' title='bbox 633 4167 746 4239; x_wconf 74' lang='lat' dir='ltr'><strong><em>aperiit</em></strong></span> <span class='ocrx_word' id='word_1_524' title='bbox 766 4184 796 4223; x_wconf 84' lang='lat' dir='ltr'><strong><em>tn</em></strong></span> <span class='ocrx_word' id='word_1_525' title='bbox 810 4167 919 4224; x_wconf 70' lang='lat' dir='ltr'><strong><em>ludent</em></strong></span> <span class='ocrx_word' id='word_1_526' title='bbox 943 4170 1001 4223; x_wconf 85' lang='lat' dir='ltr'><strong><em>aoe·</em></strong></span> <span class='ocrx_word' id='word_1_527' title='bbox 1055 4175 1167 4231; x_wconf 85' lang='lat' dir='ltr'><strong><em>siastiea</em></strong></span> <span class='ocrx_word' id='word_1_528' title='bbox 1180 4185 1274 4232; x_wconf 86' lang='lat' dir='ltr'><strong><em>narrat</em></strong></span> <span class='ocrx_word' id='word_1_529' title='bbox 1303 4178 1433 4245; x_wconf 86' lang='lat' dir='ltr'><strong><em>historia,</em></strong></span> <span class='ocrx_word' id='word_1_530' title='bbox 1449 4181 1629 4238; x_wconf 80' lang='lat' dir='ltr'><strong><em>constituens</em></strong></span> <span class='ocrx_word' id='word_1_531' title='bbox 1653 4196 1719 4238; x_wconf 86' lang='lat' dir='ltr'><strong><em>enm</em></strong></span> <span class='ocrx_word' id='word_1_532' title='bbox 1741 4180 1883 4239; x_wconf 76' lang='lat' dir='ltr'><strong><em>Cesaram</em></strong></span> 
     </span>
     <span class='ocr_line' id='line_1_45' title="bbox 178 4256 1883 4342; baseline 0.004 -28"><span class='ocrx_word' id='word_1_533' title='bbox 178 4274 291 4315; x_wconf 86' lang='lat' dir='ltr'><strong><em>monum</em></strong></span> <span class='ocrx_word' id='word_1_534' title='bbox 315 4259 406 4314; x_wconf 88' lang='lat' dir='ltr'><strong><em>thecas</em></strong></span> <span class='ocrx_word' id='word_1_535' title='bbox 419 4260 451 4313; x_wconf 87' lang='lat' dir='ltr'><strong><em>in</em></strong></span> <span class='ocrx_word' id='word_1_536' title='bbox 466 4257 556 4314; x_wconf 88' lang='lat' dir='ltr'><strong><em>littore</em></strong></span> <span class='ocrx_word' id='word_1_537' title='bbox 568 4257 717 4313; x_wconf 84' lang='lat' dir='ltr'><strong><em>collentes:</em></strong></span> <span class='ocrx_word' id='word_1_538' title='bbox 738 4260 908 4313; x_wconf 78' lang='lat' dir='ltr'><strong><em>enatantem</em></strong></span> <span class='ocrx_word' id='word_1_539' title='bbox 934 4256 1002 4312; x_wconf 87' lang='lat' dir='ltr'><strong><em>Sab-</em></strong></span> <span class='ocrx_word' id='word_1_540' title='bbox 1055 4273 1153 4321; x_wconf 66' lang='lat' dir='ltr'><strong><em>eontra</em></strong></span> <span class='ocrx_word' id='word_1_541' title='bbox 1169 4265 1306 4323; x_wconf 64' lang='lat' dir='ltr'><strong><em>barbaros</em></strong></span> <span class='ocrx_word' id='word_1_542' title='bbox 1334 4269 1488 4327; x_wconf 60' lang='lat' dir='ltr'><strong><em>destinarit</em></strong></span> <span class='ocrx_word' id='word_1_543' title='bbox 1514 4270 1548 4326; x_wconf 71' lang='lat' dir='ltr'><strong><em>ao</em></strong></span> <span class='ocrx_word' id='word_1_544' title='bbox 1575 4270 1883 4342; x_wconf 64' lang='lat' dir='ltr'><strong><em>Gallias,fl1narnque</em></strong></span> 
     </span>
     <span class='ocr_line' id='line_1_46' title="bbox 180 4346 1885 4429; baseline 0.005 -22"><span class='ocrx_word' id='word_1_545' title='bbox 180 4351 273 4405; x_wconf 86' lang='lat' dir='ltr'><strong><em>bolam</em></strong></span> <span class='ocrx_word' id='word_1_546' title='bbox 293 4348 351 4404; x_wconf 78' lang='lat' dir='ltr'><strong><em>diet</em></strong></span> <span class='ocrx_word' id='word_1_547' title='bbox 371 4350 457 4418; x_wconf 64' lang='lat' dir='ltr'><strong><em>ieritis</em></strong></span> <span class='ocrx_word' id='word_1_548' title='bbox 479 4346 657 4402; x_wconf 55' lang='lat' dir='ltr'><strong><em>iudeorum:</em></strong></span> <span class='ocrx_word' id='word_1_549' title='bbox 680 4346 754 4412; x_wconf 64' lang='lat' dir='ltr'><strong><em>cher</em></strong></span> <span class='ocrx_word' id='word_1_550' title='bbox 779 4347 829 4416; x_wconf 81' lang='lat' dir='ltr'><strong><em>tii,</em></strong></span> <span class='ocrx_word' id='word_1_551' title='bbox 858 4347 926 4420; x_wconf 81' lang='lat' dir='ltr'><strong><em>qaia</em></strong></span> <span class='ocrx_word' id='word_1_552' title='bbox 951 4363 1001 4402; x_wconf 90' lang='lat' dir='ltr'><strong><em>ne·</em></strong></span> <span class='ocrx_word' id='word_1_553' title='bbox 1056 4353 1311 4427; x_wconf 69' lang='lat' dir='ltr'><strong><em>borborianorum</em></strong></span> <span class='ocrx_word' id='word_1_554' title='bbox 1327 4356 1601 4415; x_wconf 86' lang='lat' dir='ltr'><strong><em>idemconstantius</em></strong></span> <span class='ocrx_word' id='word_1_555' title='bbox 1624 4366 1722 4416; x_wconf 88' lang='lat' dir='ltr'><strong><em>cantra</em></strong></span> <span class='ocrx_word' id='word_1_556' title='bbox 1747 4357 1885 4429; x_wconf 79' lang='lat' dir='ltr'><strong><em>binguen-</em></strong></span> 
     </span>
     <span class='ocr_line' id='line_1_47' title="bbox 178 4434 1883 4519; baseline 0.008 -27"><span class='ocrx_word' id='word_1_557' title='bbox 178 4440 253 4509; x_wconf 74' lang='lat' dir='ltr'><strong><em>[arti</em></strong></span> <span class='ocrx_word' id='word_1_558' title='bbox 275 4438 414 4494; x_wconf 83' lang='lat' dir='ltr'><strong><em>inslaeiv&#39;n</em></strong></span> <span class='ocrx_word' id='word_1_559' title='bbox 441 4435 501 4492; x_wconf 85' lang='lat' dir='ltr'><strong><em>suis</em></strong></span> <span class='ocrx_word' id='word_1_560' title='bbox 525 4435 654 4491; x_wconf 78' lang='lat' dir='ltr'><strong><em>Sublatis</em></strong></span> <span class='ocrx_word' id='word_1_561' title='bbox 674 4445 769 4506; x_wconf 77' lang='lat' dir='ltr'><strong><em>count.</em></strong></span> <span class='ocrx_word' id='word_1_562' title='bbox 787 4434 924 4491; x_wconf 76' lang='lat' dir='ltr'><strong><em>Christum</em></strong></span> <span class='ocrx_word' id='word_1_563' title='bbox 953 4437 1003 4492; x_wconf 83' lang='lat' dir='ltr'><strong><em>liei</em></strong></span> <span class='ocrx_word' id='word_1_564' title='bbox 1055 4441 1633 4517; x_wconf 75' lang='lat' dir='ltr'><strong><em>linmtyrenuumsolatiapelierat,cum</em></strong></span> <span class='ocrx_word' id='word_1_565' title='bbox 1657 4447 1730 4504; x_wconf 90' lang='lat' dir='ltr'><strong><em>nihil</em></strong></span> <span class='ocrx_word' id='word_1_566' title='bbox 1759 4449 1883 4519; x_wconf 86' lang='lat' dir='ltr'><strong><em>proluis·</em></strong></span> 
     </span>
     <span class='ocr_line' id='line_1_48' title="bbox 179 4512 1882 4603; baseline 0.009 -23"><span class='ocrx_word' id='word_1_567' title='bbox 179 4526 317 4593; x_wconf 86' lang='lat' dir='ltr'><strong><em>virtatem,</em></strong></span> <span class='ocrx_word' id='word_1_568' title='bbox 333 4523 417 4580; x_wconf 79' lang='lat' dir='ltr'><strong><em>ellici</em></strong></span> <span class='ocrx_word' id='word_1_569' title='bbox 430 4524 600 4595; x_wconf 87' lang='lat' dir='ltr'><strong><em>sapientiam</em></strong></span> <span class='ocrx_word' id='word_1_570' title='bbox 614 4530 800 4592; x_wconf 85' lang='lat' dir='ltr'><strong><em>contemnant,</em></strong></span> <span class='ocrx_word' id='word_1_571' title='bbox 823 4529 851 4582; x_wconf 89' lang='lat' dir='ltr'><strong><em>cl</em></strong></span> <span class='ocrx_word' id='word_1_572' title='bbox 868 4527 908 4581; x_wconf 81' lang='lat' dir='ltr'><strong><em>od</em></strong></span> <span class='ocrx_word' id='word_1_573' title='bbox 922 4541 1002 4582; x_wconf 86' lang='lat' dir='ltr'><strong><em>snam</em></strong></span> <span class='ocrx_word' id='word_1_574' title='bbox 1018 4512 1041 4577; x_wconf 80' lang='lat' dir='ltr'>D</span> <span class='ocrx_word' id='word_1_575' title='bbox 1057 4536 1122 4587; x_wconf 87' lang='lat' dir='ltr'><strong><em>sent</em></strong></span> <span class='ocrx_word' id='word_1_576' title='bbox 1136 4543 1234 4589; x_wconf 86' lang='lat' dir='ltr'><strong><em>contre</em></strong></span> <span class='ocrx_word' id='word_1_577' title='bbox 1247 4543 1409 4603; x_wconf 69' lang='lat' dir='ltr'><strong><em>tyrannum,</em></strong></span> <span class='ocrx_word' id='word_1_578' title='bbox 1426 4536 1617 4593; x_wconf 83' lang='lat' dir='ltr'><strong><em>Romanorum</em></strong></span> <span class='ocrx_word' id='word_1_579' title='bbox 1627 4536 1774 4593; x_wconf 86' lang='lat' dir='ltr'><strong><em>vaslabaut</em></strong></span> <span class='ocrx_word' id='word_1_580' title='bbox 1784 4539 1882 4596; x_wconf 85' lang='lat' dir='ltr'><strong><em>urbes.</em></strong></span> 
     </span>
     <span class='ocr_line' id='line_1_49' title="bbox 178 4611 1883 4698; baseline 0.011 -31"><span class='ocrx_word' id='word_1_581' title='bbox 178 4613 360 4685; x_wconf 86' lang='lat' dir='ltr'><strong><em>proditionem</em></strong></span> <span class='ocrx_word' id='word_1_582' title='bbox 373 4613 515 4668; x_wconf 78' lang='lat' dir='ltr'><strong><em>demonia</em></strong></span> <span class='ocrx_word' id='word_1_583' title='bbox 528 4611 632 4670; x_wconf 85' lang='lat' dir='ltr'><strong><em>colant.</em></strong></span> <span class='ocrx_word' id='word_1_584' title='bbox 661 4612 842 4685; x_wconf 76' lang='lat' dir='ltr'><strong><em>Enipenlibas</em></strong></span> <span class='ocrx_word' id='word_1_585' title='bbox 857 4615 931 4670; x_wconf 88' lang='lat' dir='ltr'><strong><em>enirn</em></strong></span> <span class='ocrx_word' id='word_1_586' title='bbox 945 4629 1005 4673; x_wconf 75' lang='lat' dir='ltr'><strong><em>snae</em></strong></span> <span class='ocrx_word' id='word_1_587' title='bbox 1057 4621 1231 4692; x_wconf 81' lang='lat' dir='ltr'><strong><em>Quocunque</em></strong></span> <span class='ocrx_word' id='word_1_588' title='bbox 1254 4638 1319 4694; x_wconf 77' lang='lat' dir='ltr'><strong><em>crgo</em></strong></span> <span class='ocrx_word' id='word_1_589' title='bbox 1349 4625 1559 4696; x_wconf 86' lang='lat' dir='ltr'><strong><em>lampare,sise</em></strong></span> <span class='ocrx_word' id='word_1_590' title='bbox 1582 4627 1654 4696; x_wconf 85' lang='lat' dir='ltr'><strong><em>quod</em></strong></span> <span class='ocrx_word' id='word_1_591' title='bbox 1679 4641 1730 4698; x_wconf 91' lang='lat' dir='ltr'><strong><em>per</em></strong></span> <span class='ocrx_word' id='word_1_592' title='bbox 1754 4628 1831 4684; x_wconf 80' lang='lat' dir='ltr'><strong><em>tices</em></strong></span> <span class='ocrx_word' id='word_1_593' title='bbox 1851 4627 1883 4685; x_wconf 91' lang='lat' dir='ltr'><strong><em>in</em></strong></span> 
     </span>
     <span class='ocr_line' id='line_1_50' title="bbox 177 4703 1883 4786; baseline 0.01 -29"><span class='ocrx_word' id='word_1_594' title='bbox 177 4703 302 4775; x_wconf 74' lang='lat' dir='ltr'><strong><em>perfidie</em></strong></span> <span class='ocrx_word' id='word_1_595' title='bbox 317 4703 432 4769; x_wconf 86' lang='lat' dir='ltr'><strong><em>meritis,</em></strong></span> <span class='ocrx_word' id='word_1_596' title='bbox 446 4704 559 4761; x_wconf 84' lang='lat' dir='ltr'><strong><em>oracula</em></strong></span> <span class='ocrx_word' id='word_1_597' title='bbox 585 4705 795 4776; x_wconf 81' lang='lat' dir='ltr'><strong><em>prophetorum,</em></strong></span> <span class='ocrx_word' id='word_1_598' title='bbox 810 4710 837 4761; x_wconf 88' lang='lat' dir='ltr'><strong><em>el</em></strong></span> <span class='ocrx_word' id='word_1_599' title='bbox 862 4706 1003 4776; x_wconf 74' lang='lat' dir='ltr'><strong><em>praeconia</em></strong></span> <span class='ocrx_word' id='word_1_600' title='bbox 1058 4708 1163 4766; x_wconf 83' lang='lat' dir='ltr'><strong><em>Gallias</em></strong></span> <span class='ocrx_word' id='word_1_601' title='bbox 1173 4718 1378 4783; x_wconf 62' lang='lat' dir='ltr'><strong><em>repertionem</em></strong></span> <span class='ocrx_word' id='word_1_602' title='bbox 1393 4715 1546 4786; x_wconf 81' lang='lat' dir='ltr'><strong><em>aliquando</em></strong></span> <span class='ocrx_word' id='word_1_603' title='bbox 1557 4716 1668 4772; x_wconf 82' lang='lat' dir='ltr'><strong><em>venisse</em></strong></span> <span class='ocrx_word' id='word_1_604' title='bbox 1686 4731 1744 4773; x_wconf 90' lang='lat' dir='ltr'><strong><em>non</em></strong></span> <span class='ocrx_word' id='word_1_605' title='bbox 1760 4716 1883 4774; x_wconf 88' lang='lat' dir='ltr'><strong><em>dubium</em></strong></span> 
     </span>
     <span class='ocr_line' id='line_1_51' title="bbox 177 4795 1828 4878; baseline 0.009 -30"><span class='ocrx_word' id='word_1_606' title='bbox 177 4795 361 4865; x_wconf 88' lang='lat' dir='ltr'><strong><em>apostolorvm</em></strong></span> <span class='ocrx_word' id='word_1_607' title='bbox 389 4798 564 4861; x_wconf 78' lang='lat' dir='ltr'><strong><em>recusarent,</em></strong></span> <span class='ocrx_word' id='word_1_608' title='bbox 591 4810 654 4849; x_wconf 87' lang='lat' dir='ltr'><strong><em>snas</em></strong></span> <span class='ocrx_word' id='word_1_609' title='bbox 679 4809 742 4850; x_wconf 89' lang='lat' dir='ltr'><strong><em>vero</em></strong></span> <span class='ocrx_word' id='word_1_610' title='bbox 777 4795 894 4850; x_wconf 85' lang='lat' dir='ltr'><strong><em>libenter</em></strong></span> <span class='ocrx_word' id='word_1_611' title='bbox 919 4811 1003 4852; x_wconf 85' lang='lat' dir='ltr'><strong><em>anrer</em></strong></span> <span class='ocrx_word' id='word_1_612' title='bbox 1057 4807 1109 4863; x_wconf 90' lang='grc' dir='ltr'>εει,</span> <span class='ocrx_word' id='word_1_613' title='bbox 1124 4799 1154 4855; x_wconf 92' lang='lat' dir='ltr'><strong><em>in</em></strong></span> <span class='ocrx_word' id='word_1_614' title='bbox 1170 4800 1263 4857; x_wconf 90' lang='lat' dir='ltr'><strong><em>medio</em></strong></span> <span class='ocrx_word' id='word_1_615' title='bbox 1279 4801 1480 4873; x_wconf 87' lang='lat' dir='ltr'><strong><em>relinquentes,</em></strong></span> <span class='ocrx_word' id='word_1_616' title='bbox 1496 4812 1599 4862; x_wconf 76' lang='lat' dir='ltr'><strong><em>caetera</em></strong></span> <span class='ocrx_word' id='word_1_617' title='bbox 1614 4821 1828 4878; x_wconf 85' lang='lat' dir='ltr'><strong><em>prosequamur.</em></strong></span> 
     </span>
     <span class='ocr_line' id='line_1_52' title="bbox 177 4882 1880 4963; baseline 0.009 -25"><span class='ocrx_word' id='word_1_618' title='bbox 177 4882 322 4941; x_wconf 72' lang='lat' dir='ltr'><strong><em>demoniis</em></strong></span> <span class='ocrx_word' id='word_1_619' title='bbox 346 4885 630 4941; x_wconf 81' lang='lat' dir='ltr'><strong><em>accommodaverant.</em></strong></span> <span class='ocrx_word' id='word_1_620' title='bbox 648 4884 703 4952; x_wconf 72' lang='lat' dir='ltr'><strong><em>ligo</em></strong></span> <span class='ocrx_word' id='word_1_621' title='bbox 726 4900 791 4940; x_wconf 86' lang='lat' dir='ltr'><strong><em>raro</em></strong></span> <span class='ocrx_word' id='word_1_622' title='bbox 810 4885 928 4941; x_wconf 89' lang='lat' dir='ltr'><strong><em>omnino</em></strong></span> <span class='ocrx_word' id='word_1_623' title='bbox 944 4899 1003 4942; x_wconf 88' lang='lat' dir='ltr'><strong><em>nan</em></strong></span> <span class='ocrx_word' id='word_1_624' title='bbox 1091 4889 1212 4959; x_wconf 76' lang='lat' dir='ltr'><strong><em>Accepta</em></strong></span> <span class='ocrx_word' id='word_1_625' title='bbox 1228 4889 1280 4946; x_wconf 88' lang='lat' dir='ltr'><strong><em>baa</em></strong></span> <span class='ocrx_word' id='word_1_626' title='bbox 1296 4888 1432 4949; x_wconf 86' lang='lat' dir='ltr'><strong><em>relatione</em></strong></span> <span class='ocrx_word' id='word_1_627' title='bbox 1460 4900 1597 4963; x_wconf 81' lang='lat' dir='ltr'><strong><em>tyrannus</em></strong></span> <span class='ocrx_word' id='word_1_628' title='bbox 1611 4894 1716 4952; x_wconf 88' lang='lat' dir='ltr'><strong><em>oblitus</em></strong></span> <span class='ocrx_word' id='word_1_629' title='bbox 1738 4903 1780 4952; x_wconf 90' lang='lat' dir='ltr'><strong><em>est</em></strong></span> <span class='ocrx_word' id='word_1_630' title='bbox 1795 4912 1880 4955; x_wconf 86' lang='lat' dir='ltr'><strong><em>snam</em></strong></span> 
     </span>
     <span class='ocr_line' id='line_1_53' title="bbox 177 4972 1879 5052; baseline 0.008 -23"><span class='ocrx_word' id='word_1_631' title='bbox 177 4973 382 5044; x_wconf 72' lang='lat' dir='ltr'><strong><em>frivolumimo</em></strong></span> <span class='ocrx_word' id='word_1_632' title='bbox 398 4973 489 5028; x_wconf 89' lang='lat' dir='ltr'><strong><em>solida</em></strong></span> <span class='ocrx_word' id='word_1_633' title='bbox 504 4974 618 5029; x_wconf 87' lang='lat' dir='ltr'><strong><em>reritnte</em></strong></span> <span class='ocrx_word' id='word_1_634' title='bbox 632 4972 785 5028; x_wconf 82' lang='lat' dir='ltr'><strong><em>subnixum</em></strong></span> <span class='ocrx_word' id='word_1_635' title='bbox 801 4988 862 5029; x_wconf 91' lang='lat' dir='ltr'><strong><em>esse</em></strong></span> <span class='ocrx_word' id='word_1_636' title='bbox 877 4973 1002 5044; x_wconf 87' lang='lat' dir='ltr'><strong><em>potuisse</em></strong></span> <span class='ocrx_word' id='word_1_637' title='bbox 1057 4975 1241 5047; x_wconf 80' lang='lat' dir='ltr'><strong><em>hypocrisim,</em></strong></span> <span class='ocrx_word' id='word_1_638' title='bbox 1257 4978 1285 5033; x_wconf 90' lang='lat' dir='ltr'><strong><em>id</em></strong></span> <span class='ocrx_word' id='word_1_639' title='bbox 1303 4988 1344 5035; x_wconf 89' lang='lat' dir='ltr'><strong><em>est</em></strong></span> <span class='ocrx_word' id='word_1_640' title='bbox 1356 4980 1559 5051; x_wconf 80' lang='lat' dir='ltr'><strong><em>philosophiam</em></strong></span> <span class='ocrx_word' id='word_1_641' title='bbox 1587 4981 1731 5052; x_wconf 81' lang='lat' dir='ltr'><strong><em>patientiae</em></strong></span> <span class='ocrx_word' id='word_1_642' title='bbox 1759 4985 1879 5042; x_wconf 87' lang='lat' dir='ltr'><strong><em>simula·</em></strong></span> 
     </span>
     <span class='ocr_line' id='line_1_54' title="bbox 176 5062 1883 5137; baseline 0.008 -19"><span class='ocrx_word' id='word_1_643' title='bbox 176 5063 300 5120; x_wconf 86' lang='lat' dir='ltr'><strong><em>arbitror</em></strong></span> <span class='ocrx_word' id='word_1_644' title='bbox 319 5062 450 5132; x_wconf 87' lang='lat' dir='ltr'><strong><em>istnd‚ah</em></strong></span> <span class='ocrx_word' id='word_1_645' title='bbox 465 5077 498 5118; x_wconf 88' lang='lat' dir='ltr'><strong><em>eo</em></strong></span> <span class='ocrx_word' id='word_1_646' title='bbox 514 5062 606 5117; x_wconf 79' lang='lat' dir='ltr'><strong><em>taliter</em></strong></span> <span class='ocrx_word' id='word_1_647' title='bbox 623 5063 750 5125; x_wconf 87' lang='lat' dir='ltr'><strong><em>diatnm,·</em></strong></span> <span class='ocrx_word' id='word_1_648' title='bbox 767 5066 916 5118; x_wconf 89' lang='lat' dir='ltr'><strong><em>nonenim</em></strong></span> <span class='ocrx_word' id='word_1_649' title='bbox 934 5070 1001 5117; x_wconf 88' lang='lat' dir='ltr'><strong><em>luno</em></strong></span> <span class='ocrx_word' id='word_1_650' title='bbox 1055 5065 1174 5134; x_wconf 85' lang='lat' dir='ltr'><strong><em>tionem,</em></strong></span> <span class='ocrx_word' id='word_1_651' title='bbox 1191 5082 1246 5137; x_wconf 71' lang='lat' dir='ltr'><strong><em>pua</em></strong></span> <span class='ocrx_word' id='word_1_652' title='bbox 1274 5083 1336 5124; x_wconf 90' lang='lat' dir='ltr'><strong><em>sose</em></strong></span> <span class='ocrx_word' id='word_1_653' title='bbox 1349 5068 1514 5127; x_wconf 86' lang='lat' dir='ltr'><strong><em>intendebat</em></strong></span> <span class='ocrx_word' id='word_1_654' title='bbox 1544 5073 1740 5131; x_wconf 86' lang='lat' dir='ltr'><strong><em>demonstrare</em></strong></span> <span class='ocrx_word' id='word_1_655' title='bbox 1756 5074 1883 5132; x_wconf 87' lang='lat' dir='ltr'><strong><em>clemen·</em></strong></span> 
     </span>
     <span class='ocr_line' id='line_1_55' title="bbox 179 5150 1883 5232; baseline 0.009 -26"><span class='ocrx_word' id='word_1_656' title='bbox 179 5153 315 5222; x_wconf 86' lang='lat' dir='ltr'><strong><em>temporis</em></strong></span> <span class='ocrx_word' id='word_1_657' title='bbox 344 5168 389 5207; x_wconf 90' lang='lat' dir='ltr'><strong><em>rea</em></strong></span> <span class='ocrx_word' id='word_1_658' title='bbox 418 5153 456 5207; x_wconf 87' lang='lat' dir='ltr'><strong><em>ita</em></strong></span> <span class='ocrx_word' id='word_1_659' title='bbox 484 5159 542 5207; x_wconf 89' lang='lat' dir='ltr'><strong><em>erat</em></strong></span> <span class='ocrx_word' id='word_1_660' title='bbox 568 5158 597 5205; x_wconf 91' lang='lat' dir='ltr'><strong><em>ul</em></strong></span> <span class='ocrx_word' id='word_1_661' title='bbox 625 5165 703 5207; x_wconf 90' lang='lat' dir='ltr'><strong><em>nunc</em></strong></span> <span class='ocrx_word' id='word_1_662' title='bbox 728 5157 779 5205; x_wconf 86' lang='lat' dir='ltr'><strong><em>est.</em></strong></span> <span class='ocrx_word' id='word_1_663' title='bbox 797 5151 888 5215; x_wconf 82' lang='lat' dir='ltr'><strong><em>Quare</em></strong></span> <span class='ocrx_word' id='word_1_664' title='bbox 917 5150 1001 5206; x_wconf 89' lang='lat' dir='ltr'><strong><em>hodie</em></strong></span> <span class='ocrx_word' id='word_1_665' title='bbox 1056 5162 1121 5209; x_wconf 92' lang='lat' dir='ltr'><strong><em>tem.</em></strong></span> <span class='ocrx_word' id='word_1_666' title='bbox 1136 5155 1228 5211; x_wconf 86' lang='lat' dir='ltr'><strong><em>Iratus</em></strong></span> <span class='ocrx_word' id='word_1_667' title='bbox 1242 5164 1283 5212; x_wconf 87' lang='lat' dir='ltr'><strong><em>est</em></strong></span> <span class='ocrx_word' id='word_1_668' title='bbox 1298 5161 1375 5213; x_wconf 90' lang='lat' dir='ltr'><strong><em>enim</em></strong></span> <span class='ocrx_word' id='word_1_669' title='bbox 1392 5159 1417 5215; x_wconf 86' lang='lat' dir='ltr'><strong><em>is</em></strong></span> <span class='ocrx_word' id='word_1_670' title='bbox 1430 5161 1479 5232; x_wconf 88' lang='lat' dir='ltr'><strong><em>qni</em></strong></span> <span class='ocrx_word' id='word_1_671' title='bbox 1496 5170 1700 5218; x_wconf 75' lang='lat' dir='ltr'><strong><em>mansuetasse</em></strong></span> <span class='ocrx_word' id='word_1_672' title='bbox 1712 5162 1747 5218; x_wconf 88' lang='lat' dir='ltr'><strong><em>ait</em></strong></span> <span class='ocrx_word' id='word_1_673' title='bbox 1764 5164 1883 5221; x_wconf 85' lang='lat' dir='ltr'><strong><em>iracun-</em></strong></span> 
     </span>
     <span class='ocr_line' id='line_1_56' title="bbox 176 5238 1882 5319; baseline 0.01 -26"><span class='ocrx_word' id='word_1_674' title='bbox 176 5238 1000 5308; x_wconf 76' lang='lat' dir='ltr'><strong><em>Jndnisimulncragentiumnonaolunlltlimirnmquie</em></strong></span> <span class='ocrx_word' id='word_1_675' title='bbox 1053 5243 1099 5298; x_wconf 91' lang='lat' dir='ltr'><strong><em>dia</em></strong></span> <span class='ocrx_word' id='word_1_676' title='bbox 1128 5254 1252 5301; x_wconf 87' lang='lat' dir='ltr'><strong><em>remotas</em></strong></span> <span class='ocrx_word' id='word_1_677' title='bbox 1279 5245 1316 5302; x_wconf 89' lang='lat' dir='ltr'><strong><em>ab</em></strong></span> <span class='ocrx_word' id='word_1_678' title='bbox 1344 5247 1440 5319; x_wconf 91' lang='lat' dir='ltr'><strong><em>impiis</em></strong></span> <span class='ocrx_word' id='word_1_679' title='bbox 1469 5251 1561 5306; x_wconf 80' lang='lat' dir='ltr'><strong><em>vocari</em></strong></span> <span class='ocrx_word' id='word_1_680' title='bbox 1591 5251 1734 5318; x_wconf 88' lang='lat' dir='ltr'><strong><em>studebat,</em></strong></span> <span class='ocrx_word' id='word_1_681' title='bbox 1768 5260 1796 5309; x_wconf 90' lang='lat' dir='ltr'><strong><em>el</em></strong></span> <span class='ocrx_word' id='word_1_682' title='bbox 1827 5253 1882 5311; x_wconf 83' lang='lat' dir='ltr'><strong><em>hnc</em></strong></span> 
     </span>
     <span class='ocr_line' id='line_1_57' title="bbox 176 5325 1877 5404; baseline 0.011 -22"><span class='ocrx_word' id='word_1_683' title='bbox 176 5344 233 5382; x_wconf 91' lang='lat' dir='ltr'><strong><em>non</em></strong></span> <span class='ocrx_word' id='word_1_684' title='bbox 250 5337 331 5393; x_wconf 66' lang='lat' dir='ltr'><strong><em>sunm</em></strong></span> <span class='ocrx_word' id='word_1_685' title='bbox 348 5331 476 5398; x_wconf 82' lang='lat' dir='ltr'><strong><em>quandiu</em></strong></span> <span class='ocrx_word' id='word_1_686' title='bbox 489 5327 706 5399; x_wconf 88' lang='lat' dir='ltr'><strong><em>erant,quamliu</em></strong></span> <span class='ocrx_word' id='word_1_687' title='bbox 723 5325 827 5381; x_wconf 89' lang='lat' dir='ltr'><strong><em>tiebant</em></strong></span> <span class='ocrx_word' id='word_1_688' title='bbox 839 5325 899 5381; x_wconf 78' lang='lat' dir='ltr'><strong><em>hnc</em></strong></span> <span class='ocrx_word' id='word_1_689' title='bbox 913 5342 1000 5397; x_wconf 88' lang='lat' dir='ltr'><strong><em>opera</em></strong></span> <span class='ocrx_word' id='word_1_690' title='bbox 1052 5333 1188 5404; x_wconf 89' lang='lat' dir='ltr'><strong><em>opinione</em></strong></span> <span class='ocrx_word' id='word_1_691' title='bbox 1206 5335 1251 5396; x_wconf 86' lang='lat' dir='ltr'><strong><em>ani</em></strong></span> <span class='ocrx_word' id='word_1_692' title='bbox 1275 5337 1395 5393; x_wconf 89' lang='lat' dir='ltr'><strong><em>nimivm</em></strong></span> <span class='ocrx_word' id='word_1_693' title='bbox 1423 5339 1626 5397; x_wconf 85' lang='lat' dir='ltr'><strong><em>delectabatur.</em></strong></span> <span class='ocrx_word' id='word_1_694' title='bbox 1653 5343 1742 5400; x_wconf 85' lang='lat' dir='ltr'><strong><em>crode</em></strong></span> <span class='ocrx_word' id='word_1_695' title='bbox 1766 5350 1877 5400; x_wconf 81' lang='lat' dir='ltr'><strong><em>tantem</em></strong></span> 
     </span>
     <span class='ocr_line' id='line_1_58' title="bbox 177 5415 1880 5493; baseline 0.009 -21"><span class='ocrx_word' id='word_1_696' title='bbox 177 5431 313 5472; x_wconf 83' lang='lat' dir='ltr'><strong><em>manuum</em></strong></span> <span class='ocrx_word' id='word_1_697' title='bbox 330 5415 702 5489; x_wconf 79' lang='lat' dir='ltr'><strong><em>hominnm,aamper,proni</em></strong></span> <span class='ocrx_word' id='word_1_698' title='bbox 719 5415 875 5469; x_wconf 79' lang='lat' dir='ltr'><strong><em>lueruntnrl</em></strong></span> <span class='ocrx_word' id='word_1_699' title='bbox 888 5416 998 5474; x_wconf 86' lang='lat' dir='ltr'><strong><em>cultum</em></strong></span> <span class='ocrx_word' id='word_1_700' title='bbox 1051 5422 1165 5493; x_wconf 79' lang='lat' dir='ltr'><strong><em>gloriosi</em></strong></span> <span class='ocrx_word' id='word_1_701' title='bbox 1180 5424 1233 5480; x_wconf 85' lang='lat' dir='ltr'><strong><em>viri</em></strong></span> <span class='ocrx_word' id='word_1_702' title='bbox 1261 5425 1348 5482; x_wconf 83' lang='lat' dir='ltr'><strong><em>luisse</em></strong></span> <span class='ocrx_word' id='word_1_703' title='bbox 1362 5426 1520 5485; x_wconf 81' lang='lat' dir='ltr'><strong><em>libertatem</em></strong></span> <span class='ocrx_word' id='word_1_704' title='bbox 1535 5436 1562 5485; x_wconf 90' lang='grc' dir='ltr'><strong><em>ει</em></strong></span> <span class='ocrx_word' id='word_1_705' title='bbox 1576 5431 1627 5486; x_wconf 87' lang='lat' dir='ltr'><strong><em>nell</em></strong></span> <span class='ocrx_word' id='word_1_706' title='bbox 1654 5429 1721 5488; x_wconf 89' lang='lat' dir='ltr'><strong><em>bani</em></strong></span> <span class='ocrx_word' id='word_1_707' title='bbox 1744 5436 1803 5487; x_wconf 88' lang='lat' dir='ltr'><strong><em>tarn</em></strong></span> <span class='ocrx_word' id='word_1_708' title='bbox 1829 5447 1880 5490; x_wconf 87' lang='lat' dir='ltr'><strong><em>re·</em></strong></span> 
     </span>
     <span class='ocr_line' id='line_1_59' title="bbox 175 5501 1881 5588; baseline 0.01 -27"><span class='ocrx_word' id='word_1_709' title='bbox 175 5519 286 5570; x_wconf 90' lang='lat' dir='ltr'><strong><em>eorum,</em></strong></span> <span class='ocrx_word' id='word_1_710' title='bbox 303 5505 375 5561; x_wconf 89' lang='lat' dir='ltr'><strong><em>sicut</em></strong></span> <span class='ocrx_word' id='word_1_711' title='bbox 390 5514 528 5563; x_wconf 86' lang='lat' dir='ltr'><strong><em>testantur</em></strong></span> <span class='ocrx_word' id='word_1_712' title='bbox 559 5504 623 5560; x_wconf 82' lang='lat' dir='ltr'><strong><em>litrt</em></strong></span> <span class='ocrx_word' id='word_1_713' title='bbox 639 5505 775 5574; x_wconf 89' lang='lat' dir='ltr'><strong><em>ipsorum.</em></strong></span> <span class='ocrx_word' id='word_1_714' title='bbox 792 5501 874 5560; x_wconf 88' lang='lat' dir='ltr'><strong><em>Nunc</em></strong></span> <span class='ocrx_word' id='word_1_715' title='bbox 901 5513 997 5563; x_wconf 87' lang='lat' dir='ltr'><strong><em>autem</em></strong></span> <span class='ocrx_word' id='word_1_716' title='bbox 1052 5508 1213 5568; x_wconf 89' lang='lat' dir='ltr'><strong><em>hementem</em></strong></span> <span class='ocrx_word' id='word_1_717' title='bbox 1228 5512 1259 5568; x_wconf 91' lang='lat' dir='ltr'><strong><em>in</em></strong></span> <span class='ocrx_word' id='word_1_718' title='bbox 1283 5527 1317 5569; x_wconf 91' lang='lat' dir='ltr'><strong><em>eo</em></strong></span> <span class='ocrx_word' id='word_1_719' title='bbox 1341 5512 1480 5571; x_wconf 80' lang='lat' dir='ltr'><strong><em>terrorem</em></strong></span> <span class='ocrx_word' id='word_1_720' title='bbox 1498 5524 1536 5586; x_wconf 88' lang='lat' dir='ltr'><strong><em>ut,</em></strong></span> <span class='ocrx_word' id='word_1_721' title='bbox 1562 5533 1647 5588; x_wconf 91' lang='lat' dir='ltr'><strong><em>snpra</em></strong></span> <span class='ocrx_word' id='word_1_722' title='bbox 1664 5518 1738 5576; x_wconf 84' lang='lat' dir='ltr'><strong><em>sires</em></strong></span> <span class='ocrx_word' id='word_1_723' title='bbox 1760 5518 1881 5577; x_wconf 86' lang='lat' dir='ltr'><strong><em>simnia·</em></strong></span> 
     </span>
     <span class='ocr_line' id='line_1_60' title="bbox 177 5591 1882 5682; baseline 0.011 -31"><span class='ocrx_word' id='word_1_724' title='bbox 177 5592 235 5667; x_wconf 88' lang='lat' dir='ltr'><strong><em>ubi,</em></strong></span> <span class='ocrx_word' id='word_1_725' title='bbox 251 5595 410 5652; x_wconf 86' lang='lat' dir='ltr'><strong><em>secundnm</em></strong></span> <span class='ocrx_word' id='word_1_726' title='bbox 426 5593 607 5667; x_wconf 87' lang='lat' dir='ltr'><strong><em>prophetiam</em></strong></span> <span class='ocrx_word' id='word_1_727' title='bbox 624 5595 715 5661; x_wconf 86' lang='lat' dir='ltr'><strong><em>lsaia,</em></strong></span> <span class='ocrx_word' id='word_1_728' title='bbox 735 5591 876 5651; x_wconf 84' lang='lat' dir='ltr'><strong><em>Dominus</em></strong></span> <span class='ocrx_word' id='word_1_729' title='bbox 892 5609 994 5656; x_wconf 87' lang='lat' dir='ltr'><strong><em>aecen-</em></strong></span> <span class='ocrx_word' id='word_1_730' title='bbox 1050 5598 1147 5668; x_wconf 90' lang='lat' dir='ltr'><strong><em>tionis,</em></strong></span> <span class='ocrx_word' id='word_1_731' title='bbox 1162 5600 1224 5660; x_wconf 84' lang='lat' dir='ltr'><strong><em>sire</em></strong></span> <span class='ocrx_word' id='word_1_732' title='bbox 1239 5600 1424 5674; x_wconf 82' lang='lat' dir='ltr'><strong><em>simulatoris,</em></strong></span> <span class='ocrx_word' id='word_1_733' title='bbox 1440 5612 1514 5665; x_wconf 85' lang='lat' dir='ltr'><strong><em>esset</em></strong></span> <span class='ocrx_word' id='word_1_734' title='bbox 1537 5607 1651 5679; x_wconf 86' lang='lat' dir='ltr'><strong><em>pondus</em></strong></span> <span class='ocrx_word' id='word_1_735' title='bbox 1666 5623 1738 5667; x_wconf 78' lang='lat' dir='ltr'><strong><em>sera</em></strong></span> <span class='ocrx_word' id='word_1_736' title='bbox 1752 5609 1882 5682; x_wconf 84' lang='lat' dir='ltr'><strong><em>rirlutia,</em></strong></span> 
     </span>
    </p>
   </div>
   <div class='ocr_carea' id='block_1_4' title="bbox 0 0 1980 6034">
    <p class='ocr_par' dir='ltr' id='par_1_5' title="bbox 0 0 1980 6034">
     <span class='ocr_line' id='line_1_61' title="bbox 0 0 1980 6034; baseline 0 2"><span class='ocrx_word' id='word_1_737' title='bbox 0 0 1980 6034; x_wconf 95' lang='lat' dir='ltr'><strong><em> </em></strong></span> 
     </span>
    </p>
   </div>
  </div>
 </body>
</html>
