3950 6034
89 138 182 243 ‘ero
420 126 428 137 ’
668 184 1281 255 nutnnrrnenattscuutunsrs
1769 204 1830 268 ese

123 311 252 385 Spiritus
274 292 379 383 suncti,
404 314 491 375 iidem
514 321 622 377 uncte
644 319 804 389 Trinitstis,
827 322 888 379 tatu
913 319 942 375 in
959 318 985 391 Α
1000 317 1354 395 etinvituepoputossc
1370 322 1443 385 illud
1459 327 1704 401 mundipotens.

123 403 251 461 nduerels
266 419 355 476 quem
371 405 401 463 iu
413 407 572 480 prosperis,
585 407 741 479 predicere
753 425 810 467 uun
820 415 949 476 cessant,

124 532 1774 573 mum-mmmm

652 640 835 738 LIBER
873 642 1297 743 DUODECIMUS.

344 874 423 931 nil
437 872 556 934 cetur
573 874 727 933 PRIMUM.
1003 878 1067 949 mei,
1082 892 1140 934 non
1154 878 1303 950 diliporncs
1315 883 1397 937 onio
1408 898 1496 955 neque
1511 887 1616 959 linceo,
1639 890 1687 946 sed
1699 902 1781 958 onere
1803 898 1831 950 et

264 964 409 1022 dominico
422 966 514 1036 primo
538 973 596 1033 post
618 966 805 1022 Pentecosten.
1003 963 1325 1042 cerituteiltocn.1u).
1342 970 1471 1037 Quorum
1488 973 1831 1053 iniquaiabiallngnam·

157 1058 947 1133 DominieeprimepostuslavnsPcntecosteeelilclurn
1004 1072 1061 1128 qun
1077 1056 1208 1113 dolosum
1224 1057 1275 1130 (tul
1290 1061 1450 1117 contemnit
1465 1062 1572 1136 (soient
1584 1067 1661 1124 enlin
1678 1068 1830 1128 aiioeccn·

121 1164 207 1208 voces
223 1149 330 1206 emittit
345 1150 481 1225 peuperie
497 1148 577 1207 iilius
600 1150 650 1225 qui
675 1166 727 1224 per
752 1151 893 1207 Lazarum
918 1151 947 1208 iu
1003 1145 1075 1201 vetii
1090 1145 1218 1203 volente!
1234 1149 1383 1217 devotum,
1402 1157 1462 1207 lum
1485 1160 1618 1211 tenuium
1645 1160 1830 1229 propositum

123 1238 277 1313 Evangelio
292 1240 438 1311 figuretur
452 1239 526 1311 (luc.
543 1238 612 1313 xvi),
630 1238 740 1297 scilicet
756 1240 875 1313 gentilis
898 1254 948 1313 pn·
1004 1235 1208 1305 vituperando,
1224 1238 1301 1309 quod
1318 1244 1363 1293 eat
1377 1238 1481 1311 iniqua
1492 1240 1569 1298 labin
1580 1244 1697 1315 hebere,
1708 1252 1771 1304 turn
1784 1251 1829 1304 nl-

124 1326 264 1403 pult‚qut
288 1314 324 1384 nd
350 1326 438 1385 fldem
463 1330 624 1397 Trinitatis,
653 1329 891 1401 praedicantibus,
917 1334 949 1387 nt
1004 1323 1650 1400 mlumiaudendonimiasquedlilieuliates
1671 1345 1756 1395 erote
1778 1339 1831 1395 ria

122 1417 337 1490 supradictum
354 1418 950 1493 eet,npnetolieconiuglene,deluterinre
1004 1412 1047 1469 vel
1063 1424 1194 1484 unguii&
1220 1420 1312 1487 pori&
1335 1420 1513 1489 pretendere
1534 1422 1638 1494 (notit.
1662 1428 1726 1498 vn),
1751 1426 1829 1500 quod

121 1524 207 1565 seusu
224 1507 296 1571 lescle
311 1508 447 1581 cupiebat
463 1508 554 1578 retici,
570 1512 709 1581 tanquam
725 1509 762 1566 de
777 1508 862 1565 micis
884 1526 948 1581 quse
1004 1505 1049 1557 etl
1065 1504 1194 1574 linguam
1208 1504 1340 1561 dolosum
1357 1509 1491 1582 ecuerel:
1509 1513 1570 1581 qui,
1582 1514 1713 1587 inquam,
1725 1517 1831 1574 dehor-

122 1597 267 1654 cudebent
282 1596 318 1653 dc
334 1614 437 1652 mensa
450 1597 559 1664 diuitis,
574 1595 707 1653 videlicet
722 1596 819 1670 pupuli
831 1597 948 1655 Judnlci
1004 1596 1102 1648 iantee
1117 1607 1166 1648 θῦε
1182 1597 1354 1662 coutemnit,
1371 1601 1400 1653 0¹
1415 1600 1517 1655 audite
1532 1616 1589 1657 non
1612 1606 1685 1674 vult,
1711 1610 1830 1663 eonion·

123 1686 527 1760 qut‚dumd001rtnamlegtg
541 1688 640 1743 nonan
654 1686 948 1756 charttntnmhabutt,
1004 1685 1047 1737 tet
1063 1683 1192 1741 animani
1209 1700 1306 1754 suem,
1322 1694 1351 1743 et
1365 1688 1440 1744 dicei
1457 1690 1527 1747 illud
1555 1697 1633 1765 quoti
1659 1696 1688 1752 in
1714 1696 1831 1755 alleluia

121 1778 172 1834 sed
187 1779 223 1833 cd
241 1776 408 1844 eletionem,
419 1778 505 1850 quael
519 1778 554 1833 de
564 1778 689 1849 occeptls
701 1776 808 1850 opibus
819 1779 949 1834 tumuit:
1004 1777 1177 1829 ttulimus:
1196 1775 1276 1838 litut,
1287 1778 1488 1848 interluetur,
1502 1782 1622 1852 ior-ticet
1631 1788 1831 1856 potiensnon·

123 1865 173 1922 ilie
187 1872 295 1932 autem,
312 1862 422 1922 seilicet
436 1864 556 1938 gentilis
572 1865 709 1939 populus,
737 1867 808 1922 dum
833 1882 951 1924 convec-
1004 1862 1070 1933 quid
1085 1863 1222 1919 irascetur
1234 1878 1284 1937 per
1298 1866 1422 1936 sinentes
1436 1868 1515 1925 otest
1528 1871 1614 1944 (Psoi.
1630 1873 1702 1947 vrri).
1721 1877 1829 1933 Videli-

124 1954 343 2022 cusentinum,
365 1958 483 2028 pecunie
507 1970 560 2012 sue
584 1955 716 2012 eonilteri
741 1970 798 2012 nou
823 1955 950 2026 erubuit,
1004 1956 1050 2007 cet
1064 1966 1131 2007 cum
1149 1953 1217 2008 aiibi
1235 1954 1332 2010 dicut:
1348 1977 1363 2006 n
1389 1956 1423 2012 iit
1446 1974 1512 2015 eum
1537 1962 1588 2031 qul
1613 1964 1692 2019 venit
1713 1968 1748 2020 ad
1774 1983 1831 2036 trra,

124 2045 273 2103 ulceribus
293 2045 399 2119 plenus
427 2044 548 2114 exstitit,
577 2050 605 2103 et
634 2046 658 2103 ei
690 2044 796 2103 vulnus
824 2044 854 2103 ln
885 2050 953 2104 cuia
1006 2043 1195 2113 nonettetnro
1214 2043 1828 2126 ioraeiioon.rr),»tnudcnrquedelnilr·

123 2137 189 2193 tuit.
221 2134 327 2207 Huius,
354 2134 488 2206 loquum,
518 2150 602 2192 rocca
637 2140 707 2192 sunt
744 2136 951 2209 mendicantis,
1005 2133 1471 2203 miteteconrclesccens,citriam
1484 2141 1688 2201 mendatorum
1701 2144 1832 2219 Domini,

123 2224 201 2299 quod
219 2223 345 2280 menime
356 2222 446 2280 claret
456 2222 485 2279 ln
502 2224 633 2296 graduali
646 2240 653 2280 t
665 2226 720 2297 Epo
730 2224 811 2282 disci:
824 2225 952 2296 Domine,
1005 2237 1069 2295 qute
1081 2228 1207 2294 anguste
1223 2225 1305 2282 initio
1320 2232 1414 2299 coepte
1429 2229 1532 2299 luerat,
1544 2230 1662 2290 diletatc
1672 2235 1757 2292 corde
1769 2252 1832 2307 pcr-

125 2315 255 2369 mtserere
268 2314 333 2375 met,
353 2324 420 2367 tcuu
433 2311 556 2368 animum
571 2327 672 2378 rneom,
686 2314 752 2386 quic
774 2314 884 2383 peccaui
903 2314 954 2370 tiit
1005 2328 1138 2381 currens,
1153 2312 1224 2370 dicit
1239 2315 1317 2387 quod
1331 2318 1359 2372 ln
1374 2318 1495 2375 introitu
1511 2326 1660 2379 centetum
1678 2328 1741 2381 est:
1764 2324 1832 2382 i‘oc·

126 2398 213 2467 (Psoi.
229 2399 433 2474 nn)..itplslnla
448 2417 455 2455 t
472 2401 542 2457 Deus
555 2401 680 2459 chorites
694 2408 736 2459 est
751 2402 774 2475 (i
794 2405 876 2459 loun.
902 2403 951 2476 rr),
1006 2408 1050 2459 tus
1065 2406 1105 2459 cst
1133 2402 1268 2459 dominos
1291 2414 1429 2476 protector
1451 2424 1526 2466 meris
1540 2427 1548 2466 t
1562 2415 1588 2468 et
1612 2412 1708 2470 educit
1729 2430 1773 2472 ote
1801 2416 1831 2472 ist

125 2488 493 2562 primeadversueluduici
503 2489 951 2563 populidepromiturinrldiaut,
1005 2490 1154 2548 lutuudirte
1169 2490 1257 2565 (Psoi.
1274 2496 1354 2567 xvir.)

126 2596 183 2651 qun
197 2594 354 2651 pauperem
367 2578 430 2650 jum
446 2579 557 2635 dietum
571 2596 627 2635 non
641 2581 747 2636 debere
758 2578 874 2637 admitti
882 2597 952 2637 con·
1325 2582 1441 2643 cetur
1459 2586 1507 2645 ili.

125 2668 220 2724 tendit
230 2668 316 2739 juxte
331 2666 404 2724 illud
416 2684 423 2723 :
437 2669 531 2734 Oucre
546 2666 672 2724 introisti
686 2668 722 2724 ud
737 2669 817 2725 viros
837 2686 952 2743 praepu·
1164 2674 1308 2730 dominico
1322 2678 1403 2731 tertio
1412 2682 1473 2748 prist
1483 2684 1669 2740 Pentecosten.

6 2758 15 2767 “
123 2758 196 2813 tium
211 2755 375 2813 hebentes?
389 2756 457 2831 (ici.
474 2756 526 2830 nr.)
544 2756 733 2814 Manifestum
750 2764 795 2815 eet
808 2760 887 2814 enim
902 2758 953 2814 tu·
1042 2759 1075 2817 ln
1084 2762 1233 2835 evangetio
1242 2759 1398 2821 Dominicis
1409 2766 1501 2824 tertie
1509 2772 1734 2831 commendetur
1744 2774 1831 2834 noble

124 2848 201 2905 deos
216 2864 331 2919 semper
345 2848 477 2920 gentium
493 2847 593 2903 odisee
608 2847 744 2905 sulutem.
758 2847 863 2914 Simul,
880 2848 951 2922 quie
1005 2855 1116 2917 quonia
1128 2850 1164 2907 de
1179 2853 1325 2909 conversis
1337 2856 1540 2929 peccatoribus
1556 2856 1614 2917 lieu
1629 2876 1700 2919 cura
1716 2865 1763 2932 eii,
1780 2878 1833 2937 per

7 2958 8 2961 ¹
126 2935 246 2993 moruile
262 2949 378 3007 (tuoque
393 2950 498 2991 sensus
513 2935 542 2990 iu
560 2934 614 2991 hoc
628 2934 777 3008 stengelio
788 2950 845 2992 nou
857 2937 952 3007 deest,
1007 2939 1174 3013 pernoctem
1190 2948 1308 2999 centum
1323 2944 1431 3013 ovium,
1443 2950 1472 3003 et
1485 2951 1573 3006 uulue
1590 2952 1719 3025 perdite,
1740 2969 1832 3027 quum

126 3038 349 3082 commonemur
364 3023 476 3079 utiliter
491 3023 545 3080 huo
558 3024 689 3097 exemplo
706 3040 743 3080 ne
758 3024 793 3081 uls
806 3024 863 3082 ulio
875 3042 950 3098 peu·
966 3003 988 3075 G
1011 3030 1107 3087 bonus
1121 3036 1222 3103 peston
1234 3031 1384 3090 inventum
1401 3034 1523 3106 imponit
1544 3036 1575 3095 ln
1598 3038 1737 3100 homones
1761 3060 1832 3102 ευρ,

126 3128 194 3187 pera
209 3118 373 3169 evertamus
387 3113 489 3169 sociem
504 3117 644 3168 nostram.
655 3113 832 3171 Cheritetern
845 3130 911 3187 quen
923 3116 952 3172 in
1006 3119 1149 3193 gaudens.
1163 3128 1189 3177 ct
1204 3120 1246 3178 sie
1261 3128 1390 3194 reportat
1414 3124 1449 3181 ad
1475 3142 1604 3200 gregem,
1629 3129 1757 3204 itemquo
1781 3150 1833 3205 per

126 3202 264 3277 predicte
279 3204 504 3258 commendatur
519 3200 644 3274 epistola
660 3211 828 3274 promptum
844 3208 889 3260 eet
903 3220 953 3261 eu·
1006 3209 1093 3266 ellum
1126 3210 1293 3281 parabolem
1322 3212 1421 3270 decem
1455 3214 1673 3290 drachmarum,
1705 3238 1831 3294 querum

125 3294 191 3348 dein
209 3307 309 3361 senen,
325 3291 353 3347 ld
368 3297 411 3347 est
424 3291 538 3358 meruli,
556 3293 697 3363 occipere,
724 3295 850 3350 menime
874 3293 954 3366 quud
1006 3312 1180 3370 unaru‚que
1192 3300 1832 3371 perditeiuerni,mulleretudtoeeiuccruetn

125 3383 165 3439 eit
178 3396 185 3437 t
200 3383 254 3451 Qui
267 3382 344 3437 enim
358 3397 413 3438 non
428 3380 525 3450 ttttptc
538 3382 657 3452 irotrern
672 3396 754 3438 suum
769 3399 849 3457 quent
869 3384 953 3451 uidet,
1007 3390 1177 3447 accendens.
1192 3387 1314 3461 requirit
1326 3396 1355 3446 et
1369 3392 1483 3448 lunenit
1504 3392 1580 3467 (luc.
1606 3396 1664 3472 xv).
1688 3397 1731 3455 Ad
1756 3400 1833 3458 hunc

125 3474 210 3529 iteum
231 3486 312 3544 quern
326 3485 381 3527 reon
403 3470 485 3538 ridet,
501 3470 634 3544 pumnodo
656 3474 744 3544 potest
766 3472 885 3546 ditipere
899 3472 914 3528 i
930 3472 954 3547 (l
1006 3492 1127 3534 sensum
1144 3478 1270 3551 proiecto
1286 3482 1405 3553 respicit
1425 3484 1503 3554 quod
1528 3488 1632 3543 Petrus
1658 3488 1687 3544 ln
1712 3489 1836 3562 epistole

127 3562 205 3621 loun.
217 3563 268 3638 tv.)
1006 3568 1266 3641 socerigilaodum
1280 3584 1344 3627 esee
1354 3586 1562 3631 commonens:
1575 3576 1646 3645 Quin
1654 3580 1837 3638 ademarius

453 3652 569 3710 cetur
584 3654 621 3709 li.
1006 3660 1103 3722 uester,
1118 3656 1224 3730 inquii,
1240 3657 1366 3715 diodotus
1380 3665 1513 3733 tunquam
1529 3663 1570 3720 ico
1585 3670 1698 3739 cupiens
1716 3668 1833 3738 circuit,

258 3744 402 3800 dominico
415 3743 536 3799 secundo
555 3747 616 3814 post
630 3744 819 3800 Pentecosten.
1006 3760 1131 3817 querens
1151 3762 1229 3819 quem
1244 3749 1350 3805 soeret
1366 3750 1388 3821 (l
1402 3748 1476 3807 Petr.
1493 3750 1532 3825 r),
1548 3754 1598 3827 qul
1621 3756 1724 3830 utique
1747 3772 1833 3816 orem

164 3840 311 3899 [lotniniou
326 3841 454 3899 secunde
468 3838 574 3909 legitur
586 3840 641 3899 hoc
653 3840 837 3915 evangelium
849 3858 857 3898 ι
869 3842 954 3898 iinmo
1007 3834 1089 3891 illem
1105 3836 1296 3893 centesimam
1313 3838 1509 3907 devorareret,
1525 3847 1554 3899 et
1576 3858 1654 3900 nune
1683 3844 1829 3905 insontem

124 3934 235 4006 quidum
250 3932 316 4005 tecit
330 3948 435 3989 coenem
449 3946 592 4001 munnam,
604 3932 630 3987 et
640 3930 749 3988 uocauit
759 3933 859 3987 multos
875 3932 951 4004 (nuc.
1006 3940 1071 3980 ecee
1086 3924 1198 3993 dolens,
1215 3926 1320 3981 iterum
1335 3927 1440 3984 circuit
1453 3934 1482 3985 et
1500 3934 1627 4003 emptius
1651 3935 1738 4007 rugit.
1762 3938 1831 3992 ideo

124 4023 195 4101 xrs).
213 4023 493 4080 Nutusueetautem
510 4020 579 4093 quie
595 4019 770 4092 permultos
786 4021 835 4092 qui
858 4021 953 4078 uocati
1008 4013 1149 4085 premisit
1163 4021 1192 4069 et
1214 4013 1291 4070 huc:
1323 4015 1437 4072 Omnem
1467 4020 1683 4079 solticitudinem
1713 4033 1832 4081 oestrum

126 4112 242 4166 luerunt
257 4114 286 4165 et
302 4109 373 4165 horn
385 4124 474 4165 otene
489 4110 641 4179 eoepcrunt
656 4124 805 4175 excussis,
822 4112 951 4165 oentetn·
1006 4102 1222 4173 prottctentcstn
1234 4119 1307 4171 erton,
1323 4108 1451 4178 quonium
1479 4106 1534 4178 ipsi
1557 4122 1623 4166 curo
1643 4122 1682 4168 est
1703 4112 1736 4169 dc
1755 4112 1833 4171 uotis

127 4206 225 4275 ptores
241 4198 446 4272 significantur
460 4198 510 4270 qui
525 4196 952 4269 pluetcrrenaqunmcoeleetin
1006 4192 1110 4270 (illd).
1126 4191 1178 4247 Cui
1194 4208 1281 4248 seusu
1298 4195 1437 4263 graduale
1452 4198 1595 4256 succinit:
1624 4202 1703 4257 tucio
1727 4202 1834 4272 sopitu-

127 4291 265 4363 diliguot,
281 4289 330 4362 qui
342 4286 469 4359 emplius
480 4287 568 4343 rebus
580 4286 780 4359 corporalibus
792 4302 881 4359 quern
892 4287 952 4358 spi·
1005 4289 1064 4337 tum
1080 4289 1158 4337 tuum
1176 4282 1265 4354 (Psoi.
1283 4283 1349 4356 etv).
1371 4288 1400 4339 el
1423 4286 1570 4344 succende
1586 4306 1593 4345 :
1609 4289 1723 4362 Sperent
1748 4294 1778 4347 tn
1807 4295 1836 4349 ie

128 4379 285 4437 ritualibus
300 4382 490 4450 occupantur.
506 4377 539 4432 iit
555 4392 605 4449 per
620 4376 761 4447 hocquod
775 4382 816 4430 ert
825 4377 951 4447 quisque
965 4379 989 4444 1)
1009 4387 1102 4427 omnes
1117 4370 1203 4444 (Psoi.
1228 4372 1279 4444 tn),
1303 4379 1334 4427 et
1357 4372 1427 4443 quie
1450 4377 1621 4447 predictum
1646 4379 1831 4451 evangellum

126 4469 263 4526 illorum:
281 4468 350 4539 liupo
365 4470 401 4533 ie,
418 4464 517 4522 iniere
528 4482 572 4521 me
584 4469 745 4522 eccrtsutunt
758 4463 865 4537 (toto),
877 4465 955 4536 quod
1009 4476 1062 4532 pro
1078 4464 1226 4530 peccatore
1240 4464 1408 4516 contextum
1425 4466 1479 4529 eet,
1495 4479 1585 4535 super
1605 4480 1663 4537 quo
1689 4467 1835 4538 poenitnn·

128 4559 247 4630 inquere
263 4556 354 4612 dixit:
380 4556 459 4627 Rogo
482 4559 511 4611 ct
534 4560 631 4610 temen
656 4551 754 4609 venite
777 4554 947 4626 contemnit,
1003 4550 1074 4604 tiam
1088 4554 1193 4621 egente
1207 4549 1351 4620 goudium
1368 4552 1616 4623 corengouen,
1633 4562 1709 4612 recte
1726 4557 1832 4615 unicus

126 4648 203 4722 quod
218 4646 304 4701 sonet
319 4644 470 4700 humilitus
486 4646 514 4700 in
528 4659 608 4711 voce,
624 4643 762 4714 superbie
775 4640 806 4698 in
824 4640 948 4712 notione,
1003 4638 1277 4714 etpeuperclutnat
1302 4640 1330 4695 in
1355 4640 1496 4698 introito:
1524 4643 1634 4718 ilespice
1656 4647 1688 4702 io
1719 4662 1773 4718 ere,
1805 4654 1833 4709 et

127 4752 179 4811 per
193 4735 248 4791 hcc
259 4732 354 4807 plene,
365 4736 398 4788 ut
408 4732 487 4788 dictu
532 4737 588 4801 est,
599 4731 782 4804 exprimitur,
792 4731 868 4802 quod
880 4731 950 4787 durn
1004 4731 1202 4787 misereremei
1216 4728 1300 4802 (Psoi.
1311 4728 1406 4802 ants).

126 4824 245 4884 cuilibet
258 4820 418 4879 cernelium
433 4821 555 4879 dieitur:
575 4827 762 4895 convertere,
786 4824 877 4881 Deum
903 4839 949 4882 se·
1279 4819 1356 4874 m
1374 4818 1490 4877 CAPUT
1506 4820 1553 4879 lV.

127 4930 224 4990 quere,
252 4911 395 4970 mundum
416 4911 559 4983 relinque,
575 4913 752 4984 respondere
775 4914 850 4970 solet
870 4914 950 4972 :Ora
1146 4907 1289 4965 oomtntcn
1302 4908 1405 4980 quartu
1426 4914 1486 4977 port
1501 4915 1688 4971 Pentecosten.

129 5022 180 5079 pro
196 5016 253 5071 rue,
269 5002 338 5075 quic
354 5006 487 5074 peccetur
506 5016 584 5069 eum,
607 5000 662 5057 hoc
686 5003 780 5060 iecere
801 5016 858 5060 uon
884 5020 951 5074 poe·
1041 4995 1200 5053 neminisse
1214 4998 1324 5069 quinte
1338 4996 1519 5067 euangelium
1535 5006 1595 5058 eet:
1612 5004 1700 5062 Estote
1722 5008 1836 5063 miseri·

127 5091 356 5151 turonicensis:
366 5088 789 5157 Peccatoreum,hnmiiltetem
800 5091 949 5160 insinuet;
1004 5087 1107 5152 cordes.
1122 5088 1192 5158 quic
1205 5090 1233 5141 et
1247 5086 1331 5141 Peter
1344 5095 1432 5141 recten
1444 5087 1601 5148 misericors
1620 5098 1659 5149 est
1685 5092 1760 5167 (duc.
1781 5097 1833 5170 vt).

125 5182 349 5254 eterungendo:
365 5177 498 5235 Gunretti
510 5193 567 5233 non
581 5193 713 5251 possum,
727 5180 892 5252 superbiero
905 5181 952 5236 de·
982 5220 991 5233 ,
1006 5178 1057 5233 Cui
1067 5175 1162 5248 pelam
1172 5174 1479 5249 lectioepietole‚que
1490 5180 1833 5255 premittiturconcinit,

125 5274 278 5327 monstrnt.
296 5267 336 5325 De
352 5267 396 5322 nis
411 5282 480 5337 ergo
493 5264 579 5322 lobiis
596 5265 719 5338 iniquie,
736 5267 772 5324 de
787 5266 841 5322 hec
852 5266 952 5336 lingua
1006 5267 1112 5323 iteruin
1127 5270 1215 5337 nique
1229 5265 1511 5322 iterumereeturem
1522 5280 1835 5346 asserensexepeciora

125 5356 228 5414 dulces
243 5357 329 5421 (Psoi.
346 5355 434 5427 cxtnl,
449 5353 479 5409 io
493 5353 624 5426 gondonii
642 5370 694 5411 nce
714 5353 832 5410 liberari
854 5354 952 5426 poeci-
1008 5355 1208 5411 rerelntionem
1223 5354 1349 5410 illiorum
1366 5353 1415 5410 liei
1431 5354 1521 5429 (dom.
1535 5356 1705 5433 ottilonem
1720 5362 1833 5421 terrem

129 5462 206 5503 mus.
217 5448 315 5513 Recte,
327 5444 449 5516 pulchra
460 5448 548 5516 utque
559 5458 685 5500 centone
698 5443 951 5516 servireegregiue,
1008 5452 1142 5502 nostrum
1157 5460 1223 5501 esee
1239 5444 1370 5516 prasenti
1387 5446 1538 5516 erengellc
1555 5447 1697 5505 iicmlnue
1709 5454 1834 5510 asserito

126 5539 177 5611 qui
197 5550 251 5592 nus
267 5535 380 5602 invitet,
401 5534 458 5590 dlci
472 5533 502 5590 ln
519 5537 668 5606 preeunte
688 5533 834 5607 epistolas
859 5533 953 5590 ttttott
1008 5536 1106 5605 dstote,
1122 5535 1228 5606 inquit,
1243 5533 1446 5601 misericordes,
1461 5536 1532 5591 sicut
1546 5545 1572 5592 et
1586 5537 1672 5596 inter
1682 5548 1768 5597 cester
1778 5556 1835 5599 cte·
