3950 6034
86 335 153 398 819
608 328 726 391 cisse
748 327 800 392 DE
820 327 1002 391 LAESIONE
1024 329 1306 396 tleottttrerls.
1738 340 1800 402 ⁸5⁰

85 468 286 543 pessimemnt
297 466 376 525 dicet
391 481 398 522 :
413 465 475 523 lton
502 463 597 522 inueni
613 465 705 537 filiam
723 466 804 521 trram
828 464 917 535 cirps'-
934 462 1022 533 Assic
1039 463 1090 521 ubi
1104 465 1259 538 virginltss
1274 482 1361 539 opere
1372 468 1586 528 commistionis
1597 477 1799 547 corrupisset,

86 575 156 617 sem
172 575 179 614 ε
195 560 221 615 et
234 571 296 615 ecce
311 555 371 614 llaec
382 558 449 611 sont
459 556 541 625 sipna
555 553 727 627 cirpinitutis
741 552 813 627 filie
828 569 894 610 mese
910 569 917 609 ι
974 553 1017 611 sic
1033 554 1080 611 ubi
1090 554 1189 628 ipsum
1199 557 1416 616 commistionis
1426 576 1501 633 opus
1511 562 1541 617 in
1555 565 1797 624 consuetudinem

87 646 256 722 dependent
278 645 470 703 uestimentum
491 660 585 701 eoram
607 642 763 702 senioritur
786 645 919 713 ciuitatis,
973 647 1798 728 tractumest,nsqusquemdicitjustusjudexDeusquis

90 736 349 811 apprehendentque
362 734 530 792 senes-artis
541 734 623 792 iltius
637 736 740 802 utrem,
754 737 782 791 et
796 734 922 790 uertere·
972 732 1125 803 virginites
1140 741 1253 792 mortue
1268 753 1327 792 non
1344 741 1400 807 est,
1416 737 1523 796 sediti
1540 744 1663 810 tuntum,
1677 743 1798 803 nbisole

90 828 161 885 tunt
172 826 266 893 illum,
281 825 495 882 condemnantes
518 825 632 897 insuper
651 825 762 880 eentum
777 821 856 879 siclis
869 840 918 880 ar·
977 829 1077 879 mente
1092 828 1229 896 corrupte
1243 841 1322 895 cero,
1337 828 1435 885 nonne
1450 827 1565 903 integre
1578 834 1796 904 perseverandi

92 919 175 991 penti
188 932 257 991 qnos
270 915 348 973 stelit
369 913 451 988 patri
470 914 582 987 pesile,
608 913 741 985 quonium
765 910 922 987 diffamavit
973 909 1061 975 lesus
1077 930 1128 984 pru
1138 914 1477 983 pmuitentieedronetur
1489 921 1738 978 verseiterdicere
1750 940 1804 997 po·

89 1023 193 1066 nornen
206 1007 361 1080 pessimum
370 1020 455 1077 seper
474 1003 614 1075 cuperem
634 1004 733 1061 israel.
752 1004 920 1076 delebitque
974 1004 1033 1057 test
1046 1019 1057 1056 .·
1071 1001 1133 1057 Non
1148 1009 1193 1059 eet
1208 1010 1324 1060 mortun
1335 1005 1499 1078 uirginitas,
1512 1007 1580 1065 linet
1592 1015 1751 1083 utrumque
1764 1013 1804 1070 sit

87 1114 154 1155 eam
168 1110 295 1162 acerem,
311 1098 337 1149 et
350 1109 405 1149 non
416 1092 520 1166 poterit
534 1093 674 1151 dimittere
686 1110 752 1151 eam
763 1093 842 1149 omni
855 1099 922 1150 tem·
976 1089 1137 1148 sordidste.
1154 1092 1239 1148 llliud
1255 1098 1300 1149 eet
1315 1100 1424 1151 vestem
1438 1112 1503 1152 esse
1515 1097 1675 1168 putridum,
1694 1106 1723 1157 et
1745 1117 1803 1175 pres

85 1201 157 1260 porc
167 1188 233 1244 cites
247 1198 307 1242 enne
319 1183 410 1257 (Dent.
425 1183 626 1256 rectitudinis
638 1182 777 1241 sensibus
788 1182 922 1239 obscure
979 1181 1136 1253 putredine
1147 1180 1314 1250 discissum,
1326 1184 1804 1258 sliudeliqnelilretmecululosdu-

93 1283 137 1333 eet
153 1274 250 1330 littere
262 1273 335 1340 hese.
360 1288 448 1343 qoem
472 1288 524 1345 pro
544 1272 715 1329 testimonio
740 1269 919 1344 competenti
975 1273 1051 1335 tem.
1068 1275 1164 1326 tumen
1179 1273 1334 1343 integrum.
1347 1274 1799 1351 Verumistnmecoleqoenlum

90 1364 190 1439 posui.
207 1363 280 1432 Quis
295 1361 375 1419 enim
391 1361 516 1434 pudicus
531 1365 650 1419 enimus
665 1359 771 1418 seltem
793 1361 922 1434 cogitsrs
977 1358 1120 1414 damnum
1137 1359 1180 1414 vel
1196 1360 1402 1419 detrimentum
1419 1362 1582 1436 importat?
1595 1368 1696 1440 utique
1710 1369 1799 1427 nimis

90 1449 348 1527 polienterveleet
365 1449 593 1523 queliterrupte
604 1449 782 1523 virginitatis
801 1453 923 1507 cruente
978 1464 1132 1521 magnum,
1148 1450 1217 1515 nisi,
1234 1466 1434 1525 permegnum
1446 1454 1797 1526 pmnitentielementum

96 1543 128 1599 iu
145 1557 243 1615 penno
259 1545 413 1598 serventur
426 1540 548 1614 vestigio
559 1538 571 1596 t
583 1538 640 1597 Sed
650 1538 881 1599 consoleturnos
892 1537 921 1596 in
976 1537 1240 1597 lueritemundste.
1253 1541 1325 1608 Quis
1335 1544 1413 1598 enim
1425 1542 1538 1600 nesciet
1547 1544 1636 1602 vitem
1646 1552 1797 1616 eternum,

95 1632 157 1689 isto
172 1645 290 1707 quoque
306 1628 368 1687 loco
383 1628 432 1685 Dei
448 1629 599 1702 Sapientis
613 1629 746 1686 clemens
761 1629 797 1686 ds
812 1628 922 1699 hujns-
975 1627 1107 1699 petrium
1123 1629 1185 1687 sive
1199 1630 1348 1703 regionem
1363 1631 1504 1699 uirorum,
1520 1650 1641 1705 regnum
1655 1636 1799 1696 emiorum

96 1719 181 1778 modi
197 1719 363 1777 littersturs
378 1717 521 1791 :Spiritus
530 1720 605 1775 enirn
616 1734 693 1775 meus
701 1734 785 1792 snper
795 1718 923 1775 meldnt·
976 1733 1069 1774 unum
1080 1733 1145 1774 esse
1157 1719 1311 1791 tempium,
1322 1726 1459 1778 senetum
1467 1722 1800 1796 templum,etssnctum

94 1807 149 1881 cis,
160 1812 186 1868 et
196 1808 346 1869 heredites
356 1823 416 1865 mec
426 1808 574 1882 supermel
586 1809 716 1879 ettonem
726 1807 821 1881 (dccli.
832 1808 920 1878 xxm),
977 1811 1159 1877 sanctorum,
1175 1823 1232 1879 quo
1248 1807 1321 1865 nihil
1341 1808 1495 1867 intromitti
1509 1812 1615 1870 debeet
1628 1815 1802 1888 eoiuqsine·

97 1914 132 1955 ec
148 1897 286 1968 deinceps
302 1913 310 1953 ι
324 1899 358 1954 Et
372 1899 424 1969 qni
437 1896 596 1954 dilucident
610 1913 654 1953 me
674 1899 764 1954 uitam
786 1900 920 1955 aeternom
978 1903 1049 1951 tum.
1061 1896 1185 1955 Proinde
1194 1897 1349 1971 virginitas
1357 1903 1803 1977 quocunquemodueoinquise·

92 1988 234 2045 nabebunt
244 1987 344 2057 libid).
356 1986 415 2044 Hoc
427 1986 491 2058 leci,
502 1986 881 2060 proutlleodonsnts,potui
891 1985 922 2043 in
977 1988 1017 2054 te,
1030 1989 1127 2042 temen
1143 2001 1232 2043 cerne
1256 1985 1371 2060 integre
1395 1988 1525 2047 mucules
1547 1989 1799 2063 coinquinationis

95 2076 386 2151 opusculisillisque
398 2075 778 2149 tuebsnerulentie,mugnl
790 2075 921 2149 prudens
975 2074 1118 2130 universe
1128 2091 1181 2146 per
1188 2075 1388 2148 poenitentium
1402 2079 1801 2154 mundereseteget,eecum·

99 2171 308 2241 ergnmentum
327 2182 358 2222 ss
373 2166 481 2223 hebere
495 2169 620 2224 testetur
633 2163 784 2238 sapientie
797 2180 886 2238 quem
904 2181 922 2220 e
978 2179 1035 2236 que
1047 2163 1154 2221 hebere
1167 2164 1266 2222 lucide
1275 2166 1429 2225 eheritetis
1439 2184 1537 2241 opere,
1550 2185 1663 2228 memor
1672 2170 1803 2246 Scriptu-

97 2254 158 2314 Dec
173 2256 334 2330 occeperim
347 2254 436 2330 (quud
454 2256 567 2313 utinum
583 2271 684 2312 verum
695 2253 733 2311 sit
744 2254 776 2328 l).
791 2253 922 2319 Qualiter
976 2268 1015 2309 re
1030 2252 1158 2311 dicentis
1175 2272 1183 2312 ε
1200 2254 1283 2313 Omni
1297 2265 1420 2326 tempore
1429 2260 1596 2316 restirneets
1606 2268 1654 2318 tse
1665 2261 1723 2318 sint
1731 2278 1801 2319 carr·

97 2344 261 2421 capitulum
273 2346 352 2403 istud
364 2343 511 2403 elucidare
524 2344 709 2416 tentaverim,
719 2345 805 2417 qusle
815 2350 923 2418 myste-
974 2342 1056 2415 dida,
1070 2347 1097 2401 el
1109 2345 1201 2403 eleum
1214 2344 1247 2402 de
1260 2345 1351 2420 eapite
1364 2355 1413 2404 tec
1427 2364 1484 2405 nors
1499 2349 1617 2421 denerat
1629 2350 1730 2426 (tecle.
1749 2351 1802 2427 ιι).

97 2436 176 2493 rium
192 2435 329 2509 spiritus,
343 2434 387 2491 vel
402 2433 628 2508 quemlucidum
639 2432 921 2492 dennsenrsltteere
1313 2453 1426 2511 cpppp
1445 2454 1479 2513 v,

91 2523 921 2598 hujusspsluncusvolreriminvenies,ubiceterequoque
974 2543 1051 2614 Μ
1065 2542 1238 2600 ,smegma
1251 2545 1558 2617 parmamvpmfnpap,
1571 2551 1694 2608 ,mem
1708 2550 1800 2609 sume.

91 2615 236 2675 noeonlle
252 2618 373 2675 trectsvi
388 2633 423 2673 ex
437 2616 512 2674 libro
525 2616 754 2674 Deuteronomii.
779 2617 823 2673 ed
847 2634 921 2690 pre·
1238 2616 1306 2673 litas
1320 2621 1477 2675 necessaria
1492 2622 1538 2678 sit.

93 2713 209 2767 sentem
223 2723 345 2765 esusem
361 2707 416 2763 hon
438 2710 552 2763 tuntum
568 2708 683 2778 attinet,
699 2710 730 2763 ut
746 2705 823 2763 scies
838 2705 919 2779 quio,
1009 2705 1124 2760 luteres
1139 2720 1175 2761 ne
1192 2720 1320 2776 superno
1330 2706 1444 2778 judicio
1459 2708 1613 2782 virginitas
1625 2727 1683 2768 non
1699 2711 1797 2771 selom

94 2793 921 2870 quemvisepudseverosjudicescleusursillspuruipen·
973 2791 1798 2874 colsphisetur,verumetiemclenseomlestiumnuptie·

97 2887 197 2956 detur,
219 2887 275 2944 niel
305 2885 414 2942 mentis
443 2884 584 2957 pudicitie
598 2885 791 2952 custodietur,
820 2889 921 2941 temen
973 2882 1154 2953 rocolenus,
1171 2887 1315 2957 torquem
1331 2885 1425 2957 letus,
1441 2886 1513 2945 ioris
1528 2888 1704 2961 invenietur,
1720 2891 1799 2949 sicut

95 2978 229 3050 quandin
244 2976 288 3033 sic
301 2979 347 3035 est
362 2974 482 3033 hibitus
491 2974 632 3047 corporis,
644 2980 677 3031 nt
689 2977 842 3032 secedente
858 2974 921 3031 uiro
972 2972 1158 3027 conscientie
1174 2972 1337 3045 lempedum
1350 2975 1461 3034 etsicul
1473 2977 1624 3035 eheritotis
1633 2977 1743 3049 oleum,
1753 2980 1794 3037 ils

99 3065 148 3122 teli
165 3081 217 3139 per
230 3065 289 3124 sim
302 3063 396 3123 coitus
413 3064 481 3121 inde
495 3064 578 3137 signu
604 3065 720 3137 possint
735 3062 811 3134 elici,
839 3063 920 3137 virgo
972 3068 1002 3116 et
1016 3058 1087 3116 illud
1098 3061 1176 3134 quod
1190 3079 1341 3119 summum
1352 3065 1607 3138 estepprehendet
1618 3068 1795 3126 humilitelis

95 3159 152 3212 est.
167 3154 217 3212 Sic
233 3155 311 3211 enim
329 3151 377 3211 hic
393 3154 503 3211 hebes:
519 3153 584 3211 erce
593 3154 653 3213 teuc
665 3159 731 3211 snnt
741 3155 921 3227 stpnnotrpi-
933 3201 959 3270 G
973 3150 1154 3222 presidium.
1170 3151 1199 3206 in
1214 3167 1249 3209 eo
1264 3151 1406 3220 videlieet,
1423 3159 1454 3211 ut
1468 3154 1563 3227 ipsum
1585 3172 1673 3229 quern
1697 3159 1796 3215 nomi·

98 3245 196 3302 nitetis
208 3244 354 3316 ttliaerrteae
369 3240 641 3316 :apprehendentque
654 3259 733 3301 senes
747 3243 825 3301 nrts's
840 3244 920 3301 illisu
974 3239 1051 3295 nesti
1060 3239 1688 3318 quodemrncdonourespicistpelmsm,sed
1701 3246 1794 3304 solnm

95 3333 191 3391 cirtem
210 3340 237 3389 et
257 3331 442 3389 verberabunt
460 3330 556 3403 illum,
574 3333 784 3391 condemnantes
807 3333 922 3405 insuper
974 3329 1010 3384 de
1026 3328 1224 3387 misericordis
1238 3330 1289 3389 uei
1301 3331 1429 3405 suspiret
1450 3334 1577 3393 nmium.
1590 3335 1674 3401 Quod
1693 3334 1798 3408 loquor

96 3425 206 3481 centum
215 3420 305 3478 sicilie
315 3422 437 3492 arpenti,
447 3421 740 3495 qnoniamdipumccit
751 3438 850 3480 norun
858 3439 921 3494 pss-
973 3417 1037 3490 lpse
1049 3418 1101 3476 vir.
1110 3423 1217 3488 sentio,
1234 3437 1288 3477 nee
1302 3438 1319 3478 s
1332 3438 1479 3498 quoquam
1495 3424 1600 3482 sentiri
1613 3441 1699 3498 posse
1713 3427 1793 3486 erbl-

97 3510 204 3568 simum
217 3525 302 3584 snper
314 3511 454 3584 cirpiuem
469 3511 566 3569 lsrael.
974 3512 1048 3573 tror,
1059 3508 1118 3564 nisi
1133 3510 1169 3564 ut
1184 3509 1246 3577 illo,
1261 3525 1349 3582 qoem
1365 3527 1419 3569 suo
1429 3511 1552 3584 spiritus
1563 3513 1679 3586 pietetis
1690 3516 1798 3574 imbuit

373 3618 451 3677 m
471 3615 587 3675 mpurp
606 3617 655 3674 pv·
976 3598 1156 3670 magisterio,
1172 3599 1289 3656 subtilis
1304 3599 1460 3673 discipline
1473 3606 1606 3659 selverne
1620 3604 1798 3666 numilitatis

98 3707 176 3778 Quod
184 3706 340 3778 viminum,
352 3708 433 3764 sowa
444 3707 606 3778 inteprisnte
615 3707 712 3781 aliene
720 3711 796 3764 tnetn
804 3709 921 3779 polluta,
975 3685 1108 3743 scientie
1127 3685 1236 3743 idcireo
1249 3688 1384 3758 ejusdem
1404 3688 1568 3762 discipline
1589 3699 1797 3767 preceptorem

135 3795 223 3852 nsque
236 3779 271 3837 ud
292 3779 452 3852 effusionem
469 3780 584 3837 seminis
598 3795 654 3837 esse
672 3780 758 3851 possit
791 3779 877 3839 neltee
890 3781 924 3838 ds
979 3777 1040 3833 sive
1054 3773 1220 3849 exemplum
1233 3775 1374 3834 Dourious
1384 3783 1484 3835 noster
1496 3780 1583 3838 lesus
1593 3780 1727 3841 (theletos
1738 3800 1796 3843 non

137 3866 192 3924 iim
207 3849 361 3911 minimi
381 3850 463 3908 ’ΝΜ
473 3854 522 3918 ‘lis
539 3852 589 3919 ⁸³1·
601 3796 787 3921 witland
783 3850 895 3908 40117111·
910 3876 921 3903 ·
976 3867 1067 3925 elium
1085 3867 1322 3939 profiteturssse,
1338 3885 1428 3943 quem
1453 3871 1647 3944 semetipsum
1663 3890 1671 3929 r
1686 3873 1797 3943 Discite,

136 3960 423 4035 stillequecunque
433 3960 578 4032 ejusmodi
589 3965 644 4028 est,
656 3961 926 4034 cuiuscumquuma
977 3956 1159 4028 inquiens,a
1181 3972 1235 4026 ene,
1260 3959 1326 4030 peta
1347 3959 1425 4016 mitis
1446 3974 1509 4016 snm
1530 3966 1557 4016 et
1578 3962 1695 4019 semitis
1717 3963 1800 4021 corde

98 4049 146 4108 vis
159 4049 349 4124 aliquetenus
364 4049 477 4125 pollute
491 4066 549 4107 uon
565 4053 664 4106 temen
680 4053 767 4122 rupte
781 4049 827 4106 vel
843 4053 924 4122 peto·
978 4045 1082 4118 (emit.
1098 4047 1149 4115 nr).
1165 4046 1330 4119 Stetimqoe
1344 4046 1517 4122 subjungit:
1529 4050 1572 4109 Et
1589 4050 1739 4109 inuenietis
1753 4068 1800 4109 re·

100 4139 180 4197 lectu
192 4145 248 4209 est,
266 4139 362 4213 potuit
382 4138 491 4197 temtus
505 4139 603 4196 uidem
615 4139 713 4196 virum
729 4140 766 4196 ud
787 4138 926 4211 concupi·
978 4134 1072 4208 quiem
1085 4134 1341 4193 asimstnsreetrs’s
1355 4136 1458 4207 (itini.
1473 4139 1597 4209 ideireo,
1619 4141 1709 4198 tester
1726 4140 1799 4199 elee-

102 4232 246 4289 mudum
257 4245 337 4299 eum,
348 4234 379 4286 et
389 4229 432 4287 vir
442 4229 582 4287 lominum
595 4231 630 4286 sd
642 4228 925 4303 concuspiscendnm
979 4226 1106 4291 tissime,
1119 4225 1248 4298 requiem
1262 4241 1319 4282 non
1332 4226 1594 4286 inveniuntmulte
1604 4231 1720 4296 enimse,
1732 4232 1802 4301 ants

105 4323 224 4384 esm‚et
237 4317 928 4391 idcircoeirpinilelispelmemperdidit,ei‚sicnt
979 4315 1112 4370 nondum
1127 4313 1293 4371 didicerunt
1308 4315 1394 4372 mites
1415 4330 1481 4372 eese
1503 4322 1532 4374 et
1552 4317 1678 4377 humiles
1700 4321 1800 4380 eorde.

97 4407 162 4481 hm
177 4407 289 4466 dictum
304 4412 359 4478 est,
372 4407 437 4464 sine
453 4406 654 4464 misericordis
660 4407 813 4480 judicetur
821 4424 926 4465 meun-
979 4404 1090 4461 idcireo
1100 4403 1296 4477 uirginitemln
1309 4404 1590 4478 mutrismrpartens
1606 4408 1718 4467 erebrle
1735 4414 1800 4467 tue·

100 4498 174 4554 dum
188 4497 339 4555 veritstsm
355 4497 418 4555 liei.
434 4497 516 4563 Quod
531 4496 567 4564 si.
584 4503 616 4552 nt
630 4495 732 4553 itidem
740 4497 802 4569 jum
814 4496 926 4554 dietum
979 4493 1101 4551 binibus
1113 4493 1245 4564 letigum,
1256 4491 1446 4565 periclitetur,
1458 4494 1592 4567 quiensn
1599 4495 1802 4571 tuiitsuperse

101 4590 158 4653 est,
180 4585 383 4645 misericordie
408 4584 579 4659 requiritur.
606 4584 687 4642 norit
708 4590 738 4641 et
759 4590 856 4659 petest
876 4586 927 4643 ills
943 4575 966 4639 ll
980 4587 1090 4643 senate
1105 4581 1284 4638 humilitetis
1298 4579 1384 4638 dulee
1399 4582 1695 4659 pondusettqnsndn
1709 4587 1800 4645 etiem

100 4690 240 4734 usnemu
254 4674 490 4750 teleperieulum
506 4674 567 4732 sine
589 4678 715 4730 mortem
737 4673 923 4746 virginitetie,
976 4671 1055 4728 siout
1070 4670 1181 4727 luriunt
1192 4685 1328 4727 summes
1343 4669 1460 4744 lutgure
1476 4682 1599 4742 orontes,
1625 4674 1664 4730 lle
1689 4673 1803 4733 scelesti

100 4766 301 4825 etenuntiers
323 4773 425 4825 contre
452 4764 596 4823 derisores
621 4763 768 4838 malignus
790 4764 924 4837 spiritus,
974 4759 1086 4834 Jouteio
1113 4757 1266 4830 uirginites
1294 4760 1418 4817 omnino
1448 4761 1799 4834 proditor,ceneummete

100 4855 180 4930 quod
195 4855 348 4928 uirginitas
363 4854 425 4911 illio
437 4858 554 4911 mortue
564 4869 623 4911 non
634 4853 851 4920 sesecundum
861 4869 924 4926 my·
977 4847 1173 4921 corruptionis
1187 4847 1303 4916 ellectu,
1320 4864 1372 4921 pro
1387 4865 1421 4906 sn
1435 4850 1513 4923 quod
1527 4852 1608 4922 epud
1618 4868 1650 4909 se
1660 4853 1801 4911 sublimis

100 4944 208 5002 sticum
224 4943 299 5002 illud
313 4943 479 5017 exemplum
495 4941 645 5015 drengeiii
661 4959 668 5000 :
685 4944 718 5000 et
731 4958 794 4998 cem
807 4943 926 5000 unisset
977 4948 1031 5005 est,
1046 4943 1076 4993 et
1088 4937 1213 5008 despicit
1227 4942 1347 4993 eeteros
1362 4936 1496 4997 mortuiis
1510 4939 1796 5013 vicentinensem

98 5037 181 5094 essue
194 5035 226 5091 irs
240 5033 355 5092 desuem
364 5031 516 5105 principis,
529 5037 558 5090 ct
569 5031 683 5089 uidisset
697 5032 926 5090 secerneremur
977 5025 1142 5082 interiores.
1160 5024 1247 5081 Porro
1263 5023 1324 5093 ille,
1338 5027 1400 5083 sire
1415 5025 1466 5083 ills
1491 5029 1671 5102 quicunque,
1696 5028 1800 5086 didicit

102 5123 165 5179 tare
179 5123 395 5181 commanerem
409 5122 515 5179 ‹tieetut
529 5137 537 5177 ε
553 5121 679 5179 meum
692 5140 703 5179 .·
717 5138 773 5179 nan
789 5130 832 5178 est
847 5119 925 5178 enen
978 5116 1058 5173 milis
1072 5130 1137 5173 sese
1147 5119 1176 5170 st
1185 5113 1419 5186 rumunnense,
1429 5115 1542 5174 inuenit
1552 5117 1799 5189 mqnlemenime
1875 5144 1887 5169 0

99 5220 212 5272 mortus
224 5214 331 5285 pesilo,
345 5213 514 5270 nummis.
528 5210 732 5269 Etderidetant
742 5228 807 5268 enm
816 5210 924 5283 (Haut.
978 5220 1049 5271 sue,
1060 5203 1130 5277 quie
1139 5202 1278 5259 videlicet
1289 5203 1469 5263 multesunl
1478 5205 1665 5273 tentetiones,
1675 5219 1801 5276 quesnee

99 5303 154 5377 ssi.
170 5301 344 5377 Boeotique
358 5302 515 5373 dejuesns
538 5301 652 5373 illoqui
676 5301 851 5359 ellerelistur
875 5316 926 5371 per
978 5293 1108 5353 invenire
1118 5292 1802 5368 possuntletentemepudeeiuprotendelruml·

101 5398 217 5466 portem
232 5391 357 5449 eisisstie
369 5395 504 5448 mestuus
517 5407 526 5460 ς
538 5389 637 5448 honde
648 5391 756 5451 tuero
766 5390 815 5463 sui
828 5387 925 5447 eretin
978 5382 1223 5444 litstiscouvsllo.
1232 5384 1274 5441 lbi
1287 5385 1441 5459 requiemit
1454 5383 1801 5463 populusgeeeisinquo

99 5481 238 5554 sepulum
251 5480 463 5555 quetrldueuue
478 5496 536 5537 non
552 5479 635 5545 dixit.
661 5480 738 5553 qued
766 5496 824 5536 non
848 5489 925 5538 esset
979 5470 1228 5547 mutuloteidsnt.
1243 5476 1352 5546 xxxiv),
1366 5474 1409 5530 eit
1422 5473 1556 5532 cenem
1569 5473 1647 5549 ipss,
1660 5478 1712 5551 qni
1724 5477 1803 5536 liene

103 5576 252 5629 mortuus.
266 5569 322 5629 eeu
337 5573 454 5627 teutern
468 5571 506 5629 ds
521 5567 584 5639 ille,
598 5584 664 5641 que
680 5568 926 5639 mortuelsoslrst
978 5562 1168 5637 discipliusm
1183 5561 1315 5632 trsdidit,
1330 5560 1467 5631 diceudo,
1482 5563 1669 5635 doemones.
1681 5567 1803 5639 peuri·

95 5659 246 5732 insieme,
260 5657 334 5719 dixit
348 5659 486 5718 tricent
496 5656 787 5730 messanensem
809 5656 924 5718 dormit.
979 5652 1085 5712 delicet
1098 5657 1204 5724 preter
1219 5651 1316 5722 ipsum
1333 5666 1392 5743 nee
1411 5650 1468 5710 nis
1484 5662 1542 5713 ese
1557 5658 1619 5726 est,
1637 5656 1692 5731 *qut
1709 5655 1801 5713 telem
