3950 6034
117 246 181 310 589
547 241 707 304 utALoc.
731 232 850 298 lN'l'ER
870 223 1025 291 euulsa.
1049 226 1102 286 ET
1120 222 1137 285 J
1143 223 1209 286 UD.
1233 259 1272 272 -
1293 227 1366 288 LlB.
1391 230 1417 290 Ι.
1774 235 1834 296 570

118 398 191 437 enm
206 381 270 453 ipsa
287 395 365 435 ruors
383 395 468 450 pona
481 378 520 432 sit
533 378 656 449 peccati,
671 380 700 430 et
715 374 865 446 peccatum
881 363 943 420 eill-
959 360 986 428 Α
1002 359 1100 415 dicere
1115 360 1194 431 quod
1207 377 1257 417 nec
1272 363 1336 435 ipse
1351 364 1498 421 Abraham
1513 370 1593 438 pater
1604 367 1734 426 introivit
1745 370 1775 427 iu
1787 388 1832 427 re.

121 471 205 527 cion,
221 469 308 525 fuerit
322 483 409 524 ΜΕ,
426 465 552 524 mortis?
1007 464 1099 521 gnum
1112 448 1173 517 Dei,
1189 450 1267 506 sicut
1281 469 1446 510 asseverare
1460 454 1565 511 solitus
1579 473 1621 525 es,
1637 459 1714 530 quod
1730 459 1832 517 nullus

159 558 277 615 Crater.
295 555 354 628 Ugo
364 554 448 623 vivo;
466 559 494 612 et
509 573 527 611 a
541 558 647 625 morte,
661 567 724 624 qua
734 563 785 622 per
798 550 948 620 peccatum
1004 540 1125 597 omnino
1140 539 1284 597 introierit
1299 549 1367 598 ante
1382 542 1540 600 adventum
1556 545 1662 602 Christi
1677 548 1743 606 tuit

120 653 152 705 et
168 663 233 704 cum
248 649 366 719 peccatu
380 643 576 711 subintrolvit,
593 642 734 699 liberatus
749 652 813 695 sum
825 647 948 708 pcrgra·
1039 632 1153 687 Gnarsr.
1166 631 1225 705 Ego
1237 631 1398 704 Scripturis
1410 633 1520 690 sanctis
1535 651 1682 707 nusquam
1694 639 1830 710 refragari

119 737 196 794 tiam
212 734 361 809 baptismi.
1003 721 1102 792 cupio,
1117 725 1147 777 et
1163 738 1267 778 rursus
1282 724 1346 779 sine
1361 725 1534 780 auctoritato
1550 724 1667 782 illarum
1681 745 1733 784 neo
1748 733 1831 785 tunm

155 826 226 883 Jnu.
243 824 378 892 Quotidie
393 821 514 880 moreris
527 840 534 885 ;
547 816 867 893 quotidie,Gbristiune,
881 828 947 869 curn
1004 825 1057 866 nec
1071 809 1193 866 alterius
1209 811 1385 883 caq'usquam
1402 814 1579 871 sententiam
1603 816 1705 872 audire
1726 817 1832 889 patior,

118 918 164 973 sis
179 915 287 989 pulvis,
298 930 355 971 non
365 912 475 981 minus,
489 928 542 969 nec
554 906 906 983 tardiusquumludsue,
918 904 947 958 in
1005 898 1165 971 presertim
1182 899 1212 955 in
1228 903 1311 956 tento
1326 904 1445 973 umque
1456 902 1549 959 arduo
1564 905 1830 977 cognoscendaeve·

118 1005 270 1080 ptrlvercm
289 1001 453 1060 reverteris.
1004 988 1099 1044 ritatls
1116 987 1242 1061 negotiu.
1257 989 1308 1046 Dic
1321 1005 1389 1063 ergo
1402 1007 1468 1048 curn
1481 992 1658 1050 auctoritate
1668 994 1830 1067 Scripturas

155 1095 272 1152 Guarer.
288 1091 425 1150 Velamen
440 1108 529 1165 euper
543 1090 642 1147 oculos
662 1089 763 1155 hebes,
783 1096 812 1142 et
839 1083 948 1140 idcireo
1003 1078 1120 1149 quanda
1137 1080 1181 1133 vel
1196 1077 1259 1151 ipse
1274 1083 1356 1151 peter
1366 1081 1526 1149 abraham,
1539 1081 1584 1137 vel
1598 1080 1674 1139 alius
1686 1083 1753 1156 quis
1765 1101 1832 1140 san.

115 1183 253 1241 nonnisi
270 1185 393 1238 mortem
410 1198 587 1251 uuem‚non
611 1178 666 1236 nisi
695 1181 818 1234 mortem
844 1188 947 1244 corpo·
1003 1170 1117 1222 olorum
1132 1169 1335 1240 antiquorum,
1350 1170 1521 1242 paradisum
1547 1171 1609 1227 sive
1632 1190 1755 1245 regnum
1781 1171 1830 1230 Dei

115 1274 281 1332 risvides:
310 1270 485 1328 Revelantur
508 1269 584 1327 ocull
610 1268 661 1336 tui,
687 1273 719 1324 ut
741 1266 851 1335 videns,
878 1262 949 1335 quia
1003 1255 1159 1313 introierit·
1171 1257 1244 1315 Num
1256 1259 1441 1316 dcdbraham
1454 1262 1749 1335 patrccptimoutque
1759 1280 1827 1320 sen·

116 1365 187 1421 duae
200 1368 270 1419 sunt
285 1366 416 1418 mortes:
433 1358 650 1422 altercanima‚
667 1374 725 1429 qua
746 1374 761 1411 a
785 1359 840 1410 beo
864 1367 946 1423 sepa·
1003 1344 1146 1413 ctissime,
1163 1347 1217 1403 hoc
1233 1353 1349 1404 tanturn
1364 1347 1489 1422 legimus
1504 1349 1533 1405 in
1548 1350 1605 1406 llne
1617 1352 1827 1425 ejus,quiode·

118 1459 202 1510 ratur
216 1452 332 1513 animer
357 1451 450 1507 attera
479 1449 587 1514 carnia,
615 1464 675 1519 qua
697 1460 815 1503 carnem
840 1442 949 1499 deserit
1001 1433 1290 1504 fieimamereuurest
1314 1439 1345 1492 ia
1371 1441 1508 1493 senectute
1531 1438 1612 1508 borao,
1639 1448 1828 1513 provectuque

120 1542 232 1600 anima.
245 1542 371 1598 Mortem
386 1539 490 1596 animae
506 1542 658 1610 peccatum
675 1533 796 1592 adduxit
810 1532 875 1605 ipsa
900 1530 947 1587 dic
1001 1527 1091 1580 aeldtt's
1103 1527 1130 1580 el
1144 1525 1242 1596 plectas
1256 1525 1374 1596 dierum,
1395 1530 1626 1599 ecupreqoturque
1645 1532 1684 1585 eet
1710 1528 1747 1585 act
1771 1546 1826 1602 po-

117 1630 281 1705 quahomo
307 1628 428 1684 vetitum
456 1626 584 1683 comedit
606 1625 770 1682 seeundum
794 1622 944 1678 veritatem
999 1615 1098 1685 putum
1111 1631 1202 1679 cuum,
1217 1626 1246 1670 et
1259 1615 1428 1687 sepelierunt
1443 1632 1505 1672 cum
1523 1617 1602 1673 Isaac
1621 1626 1648 1672 et
1663 1619 1762 1674 lamuel
1772 1619 1828 1689 filii

117 1722 172 1779 Dei
207 1720 350 1776 dicentis:
376 1720 408 1774 la
433 1731 591 1788 quoeunque
616 1717 662 1772 die
687 1713 838 1771 eorucderia
861 1727 897 1767 ea
914 1725 945 1767 ee
961 1737 985 1803 B
1001 1705 1134 1773 misitn-
1143 1705 1220 1776 xlv·)
1231 1705 1311 1770 Quod
1322 1704 1347 1761 si
1357 1704 1524 1777 congregari
1536 1708 1572 1762 cd
1584 1705 1726 1780 populum
1738 1724 1826 1764 suum

115 1823 207 1867 mom
239 1806 364 1864 morteri,
392 1805 470 1878 (cm,
501 1804 555 1876 11);
586 1808 710 1861 mortem
735 1800 832 1859 earnis
866 1799 943 1856 neus
1003 1791 1823 1867 idemessevelisquodintroiroinregnumllei,sivein

115 1895 345 1953 misericorditer
359 1891 458 1949 intulit
473 1908 530 1948 non
546 1892 611 1964 ipso
631 1890 678 1946 die
693 1905 752 1962 quo
773 1887 821 1943 ille
846 1902 943 1943 come·
998 1882 1179 1954 paradisum,
1192 1888 1335 1954 repugnet
1346 1882 1428 1939 valde
1438 1884 1514 1954 quod
1527 1886 1825 1956 patertacobdellens

114 1987 170 2052 dit,
185 1984 236 2042 sed
251 1999 328 2040 anno
348 1981 570 2054 nongentesimo
586 1978 742 2036 tricesimo.
770 1978 846 2033 Licet
871 1974 941 2031 Abel
997 1970 1090 2027 tilium
1104 1971 1222 2043 loseph,
1237 1988 1323 2044 quera
1337 1973 1457 2044 putabat
1468 1989 1534 2030 esse
1545 1980 1706 2046 mortuum,
1718 1980 1809 2033 cleon

113 2074 200 2147 prius
215 2076 348 2130 mortuus
364 2071 463 2137 tuerit,
484 2075 514 2127 et
537 2068 587 2124 alii
612 2084 663 2141 per
686 2070 730 2123 tot
749 2081 842 2122 anuos
866 2063 942 2120 mori
997 2062 1127 2118 solantes
1143 2061 1218 2120 filios
1233 2078 1300 2119 suos
1315 2062 1417 2119 audire
1439 2062 1560 2120 uolens:
1577 2064 1754 2136 demendam,
1774 2067 1820 2122 in·

115 2165 161 2221 vel
182 2163 307 2220 interfici
323 2161 481 2234 potuerint,
499 2158 551 2216 aed
566 2159 628 2232 ipse
647 2156 699 2230 qui
723 2156 859 2222 comedit,
883 2169 940 2209 non
996 2151 1113 2223 quit,od
1122 2153 1312 2223 fitiameueum
1323 2152 1418 2223 tepens
1427 2153 1458 2209 ia
1469 2154 1608 2223 inlocum
1619 2152 1821 2228 (dccxxxvii).

114 2254 181 2328 ipsa
194 2252 253 2321 die,
270 2252 321 2309 sed
342 2254 409 2324 post
434 2253 477 2306 tot
499 2264 593 2305 annos
617 2250 751 2303 mortuus
779 2248 824 2301 est
849 2247 941 2299 morte
995 2240 1066 2296 ltem
1081 2258 1089 2298 :
1102 2240 1133 2296 St
1147 2239 1213 2314 quid
1227 2240 1334 2298 aduersi
1348 2240 1469 2312 fitiomee
1483 2242 1693 2314 Beniaminmit,
1715 2243 1825 2301 occide·

115 2343 225 2401 earnis.
241 2345 321 2398 Inter
336 2348 490 2412 atramque
506 2342 632 2394 mortem
647 2335 702 2392 hoc
719 2333 845 2391 murima
865 2332 939 2387 inte·
995 2332 1038 2386 rit
1054 2330 1082 2386 iu
1097 2338 1175 2387 terro
1186 2330 1221 2386 ad
1235 2347 1318 2403 quom
1330 2331 1458 2402 perpitia,
1481 2331 1618 2388 deducetis
1642 2348 1724 2390 conoe
1744 2349 1817 2389 tueor

115 2437 187 2502 rest,
203 2431 281 2505 quod
303 2446 382 2487 mors
406 2428 511 2486 anima
534 2445 551 2482 a
572 2426 689 2482 diabulo
713 2440 764 2497 per
788 2427 938 2495 peecatum
994 2436 1058 2477 cum
1072 2421 1164 2478 delere
1178 2422 1215 2476 art
1230 2421 1336 2491 inseror
1357 2418 1435 2493 (Gen.
1459 2424 1537 2490 surr).
1564 2425 1623 2477 Non
1647 2419 1737 2495 igitur
1757 2439 1820 2494 ego,

115 2527 237 2595 sarapta
251 2526 306 2592 eet,
323 2535 403 2577 mors
418 2517 516 2575 carnis
531 2533 549 2573 a
565 2515 624 2572 Deo
649 2530 699 2588 per
723 2509 940 2586 providentisei·
994 2510 1045 2566 sed
1061 2510 1216 2581 scripture
1231 2511 1389 2566 auctoritas
1404 2509 1456 2566 tibi
1482 2511 1654 2581 refragetur,
1680 2528 1715 2568 ne
1740 2511 1822 2569 dicae

115 2625 195 2666 ruam
212 2608 277 2679 ejus
290 2603 509 2664 miserationem
522 2604 702 2676 superducta
716 2604 769 2658 est.
994 2605 1046 2656 uut
1061 2600 1202 2657 estimare
1216 2598 1286 2655 velis
1301 2599 1378 2671 quod
1393 2597 1485 2671 locus,
1503 2600 1553 2655 ubi
1568 2604 1763 2673 congregatus
1773 2607 1820 2657 cst

147 2687 940 2768 Jun.0uomodopermiserationeminunquldmisera·
996 2690 1142 2747 Abrabam
1157 2689 1194 2744 sd
1210 2688 1349 2762 populum
1362 2705 1460 2756 suum,
1470 2690 1531 2761 jam
1544 2690 1632 2747 luerit
1643 2688 1747 2747 coelum
1758 2690 1819 2747 sive

113 2787 216 2858 tionis,
233 2792 262 2843 et
276 2802 334 2843 uon
350 2783 448 2858 potius
458 2783 509 2840 irae
521 2784 576 2840 luit
585 2787 614 2838 et
624 2778 846 2854 indignationis,
859 2776 939 2850 quod
995 2779 1217 2853 paradisua‚sed
1233 2783 1262 2835 et
1277 2787 1307 2835 tn
1323 2784 1384 2835 toto
1399 2795 1534 2851 processu
1547 2779 1711 2852 vitelipsias
1725 2781 1818 2837 Abra·

112 2893 150 2933 ne
167 2877 240 2932 torte
255 2877 384 2932 mitteret
399 2874 487 2930 bomo
503 2887 623 2928 menum
639 2885 734 2937 suam,
759 2873 789 2925 et
811 2871 939 2923 sumeret
993 2866 1062 2924 bam
1078 2884 1225 2941 nusquam
1239 2867 1352 2925 invenis
1367 2867 1446 2940 quod
1461 2869 1540 2924 uliud
1556 2870 1627 2941 quid
1642 2869 1812 2942 promiserit

112 2965 147 3022 de
163 2964 244 3037 ligno
257 2963 332 3032 vitre,
349 2966 378 3019 et
392 2961 569 3031 comederet,
582 2967 609 3016 at
623 2957 733 3016 viveret
744 2955 773 3011 ic
785 2959 937 3024 (eternum,
992 2960 1019 3016 ei
1036 2959 1124 3027 Deus,
1141 2958 1198 3017 nisi
1213 2975 1313 3016 semen
1328 2958 1358 3014 in
1380 2975 1438 3031 quo
1464 2958 1690 3031 benediceretur,
1716 2959 1745 3017 id
1772 2968 1818 3018 est

112 3054 196 3124 ejecit
211 3068 278 3109 cum
294 3053 330 3108 de
346 3050 479 3121 paradiso
496 3047 677 3120 voluptatis?
690 3045 768 3116 (Gen.
785 3048 840 3113 tlt)
994 3049 1158 3108 salvaretur
1174 3049 1304 3106 mundus
1319 3053 1347 3105 et
1361 3055 1469 3105 terram
1480 3048 1639 3116 Cbaneam,
1651 3048 1700 3105 abi
1712 3050 1816 3106 tandiu

147 3143 266 3199 Crater.
283 3141 393 3198 Revera
407 3155 464 3195 non
481 3142 542 3207 irae,
558 3141 608 3195 sed
625 3153 738 3209 magne
755 3134 808 3192 luit
819 3133 940 3191 misera·
994 3139 1127 3196 habitare
1142 3137 1273 3210 oportuit
1287 3136 1364 3193 lilios
1377 3135 1510 3205 Abnoba,
1526 3138 1617 3194 donec
1631 3138 1734 3194 eadem
1762 3155 1814 3212 pro

113 3230 213 3299 tionis,
225 3230 291 3302 jam
306 3245 360 3285 nos
375 3226 494 3298 provide
508 3223 745 3282 circumvolantis
759 3221 849 3290 3vidit
860 3220 938 3278 enim
993 3228 1096 3284 missio
1115 3226 1298 3298 impteretur.

113 3322 188 3392 quod
202 3317 314 3375 bomini
326 3314 650 3382 nimisiuutileloret‚si
662 3313 822 3370 secundum
834 3326 940 3382 corpus
1026 3317 1094 3373 ιω).
1111 3322 1226 3390 Ergone
1239 3315 1398 3383 Abrabam,
1422 3319 1452 3372 et
1475 3316 1570 3373 ceteri
1595 3321 1691 3387 patres
1716 3316 1809 3374 sancti

113 3410 223 3465 viveret
238 3407 268 3463 in
283 3414 437 3463 aternum.
453 3405 526 3461 Cum
542 3403 705 3461 secundum
717 3401 848 3458 animem
864 3414 939 3455 mor·
992 3405 1451 3473 descendebantininternum‚et
1459 3405 1514 3463 hoc
1521 3411 1638 3463 erataos
1645 3406 1815 3479 congregari

113 3502 182 3554 tuus
197 3502 286 3562 esset,
303 3501 435 3553 maneret
449 3496 558 3568 quippe
568 3490 815 3565 irrecuperabilis,
830 3492 940 3546 utsuut
991 3495 1027 3550 ad
1045 3494 1187 3567 poputum
1202 3493 1317 3550 suum?

111 3588 271 3653 daemones,
299 3592 327 3642 ct
356 3583 545 3642 indomabilis
565 3583 728 3656 superbiu3
755 3582 863 3653 quippe
887 3580 938 3653 qui
1027 3582 1142 3640 Gnarsr.
1168 3583 1368 3640 Descendebat
1390 3581 1491 3655 utique
1515 3583 1544 3638 in
1569 3583 1729 3652 internum,
1754 3603 1812 3643 non

107 3672 586 3734 adhucvixdomaturhumilitatia
601 3671 795 3745 spiritu,eum
810 3667 939 3740 quotidie
991 3678 1089 3729 tamen
1115 3671 1374 3741 interioremque
1402 3671 1586 3742 sepeliuntur
1608 3672 1703 3746 impii,
1728 3676 1813 3747 cujus

110 3763 265 3821 moriatur.
283 3765 357 3819 Beue
372 3762 462 3835 igitur
477 3760 571 3832 gralia
585 3758 762 3816 Libcrctoris
786 3758 823 3813 dc
847 3763 938 3812 morte
991 3760 1146 3819 Psalmieta
1163 3759 1294 3815 meminit
1309 3760 1427 3816 diceus:
1445 3763 1482 3814 b‘t
1497 3759 1629 3817 liberasti
1642 3762 1767 3819 enimam
1777 3780 1814 3820 re

107 3855 213 3911 anima
229 3854 288 3924 jam
305 3869 356 3925 per
369 3851 550 3923 baptismum
566 3866 614 3906 me
633 3847 788 3917 liberavit3
813 3851 936 3903 mortem
990 3847 1347 3923 infameinterioriffacl.
1364 3849 1477 3920 cxxxv),
1499 3849 1549 3905 sed
1573 3849 1602 3904 in
1631 3850 1728 3906 locum
1752 3851 1812 3907 eive

111 3948 210 4000 eutem
226 3942 359 4014 corporis
370 3941 484 3998 auterre
495 3938 691 4010 distulit,quae
702 3936 827 3993 multum
839 3950 938 4006 coepe·
988 3941 1160 4013 regionem
1177 3955 1234 3995 uon
1251 3938 1348 3995 solum
1372 3937 1443 3994 coslo
1470 3937 1514 3994 vel
1539 3939 1685 4011 paradiso,
1709 3957 1810 3997 verum

108 4040 190 4090 ratur
206 4048 273 4088 cum
290 4030 427 4086 omnibus
436 4029 526 4101 hujus
535 4029 600 4084 vitre
610 4027 747 4094 miseriis,
759 4030 800 4093 ut,
810 4025 936 4082 demisso
988 4034 1077 4086 etium
1095 4029 1197 4085 mundi
1209 4029 1297 4100 bujue
1309 4028 1491 4085 habitatione
1502 4028 1679 4100 inferiorern,
1692 4029 1740 4084 ubi
1754 4046 1810 4086 non

107 4122 205 4194 capite
220 4119 351 4194 flexuque
375 4119 496 4184 cervice,
519 4118 606 4175 cilius
627 4116 734 4173 adduci
763 4115 878 4187 possint
898 4113 936 4170 ad
988 4119 1085 4176 solum
1101 4118 1184 4175 liberi
1200 4126 1284 4175 erant
1299 4137 1317 4176 a
1329 4117 1810 4190 poenisimpiorum‚verumetiam

106 4211 296 4285 quaerendam
308 4211 433 4282 gratiam
445 4214 473 4264 et
484 4206 798 4281 praeveniendamiram
809 4204 933 4269 iudicis,
987 4208 1379 4279 visitationelrequentabenr
1388 4226 1432 4272 ur,
1441 4207 1668 4265 etcollocuttone
1677 4208 1811 4265 iruebau·

105 4306 239 4373 quoquot
251 4304 320 4356 suut
333 4298 371 4355 ud
385 4302 473 4353 vitum
488 4301 624 4352 &ternum
643 4293 842 4368 ptffiordisstli»
855 4292 933 4350 scili·
988 4307 1036 4355 tur
1051 4309 1217 4355 sanctorum
1230 4297 1412 4371 angelorum.
1424 4296 1497 4353 Nom
1509 4303 1538 4352 et
1550 4297 1690 4353 Dominus
1702 4306 1809 4363 noster,

106 4396 164 4461 cet,
179 4405 304 4461 quorum
320 4404 410 4444 causa
426 4391 458 4442 ut
478 4391 670 4442 nascerentur
694 4399 751 4439 non
782 4389 932 4455 peccatum
987 4404 1074 4461 quem
1091 4386 1239 4445 voluntate
1261 4403 1324 4443 ruea
1346 4387 1521 4457 jamdudum
1549 4403 1749 4459 cognosceres,
1775 4387 1811 4442 de

106 4479 231 4548 exstitit,
246 4495 303 4550 quo
315 4479 376 4550 Jam
401 4479 526 4547 patratu,
553 4482 640 4546 atque
661 4488 714 4546 per
737 4472 934 4528 defensionem
950 4471 974 4535 ll
989 4476 1117 4550 quodam
1133 4492 1259 4547 paupere
1272 4476 1345 4531 dixit
1358 4492 1365 4531 :
1380 4475 1495 4531 Factum
1508 4484 1550 4532 eat
1565 4485 1593 4531 ut
1608 4480 1772 4546 ruereretur,
1783 4486 1811 4532 et

106 4568 255 4636 roborato,
269 4564 555 4623 dixitDauemulieri
569 4562 775 4635 :multiplicabo
791 4575 933 4618 emmane
986 4566 1193 4639 perterruerat
1208 4566 1314 4637 oaqelu
1329 4564 1359 4620 in
1381 4567 1476 4621 sinum
1498 4565 1617 4622 Abrabae
1639 4569 1718 4634 (tac.
1741 4570 1810 4638 rvr),

105 4661 223 4722 lucau
242 4658 383 4727 confertim
407 4659 466 4709 itt0⁸
497 4651 653 4726 (Gen-1103
683 4652 733 4707 ⁸ed
759 4650 933 4720 benedictio.
988 4655 1171 4727 subjungens
1186 4655 1222 4710 du
1237 4655 1343 4710 divite:
1362 4656 1434 4721 Quia
1448 4662 1577 4712 mortuus
1590 4659 1629 4712 eat
1644 4665 1670 4711 et
1687 4658 1759 4730 ipse,
1784 4662 1811 4714 et

106 4763 177 4820 qua,
194 4755 351 4816 antequam
369 4749 538 4816 peccassent
553 4743 646 4798 Adam
662 4746 691 4798 et
705 4740 773 4809 uva,
789 4740 933 4796 benedixit
986 4746 1108 4819 sepeliar
1121 4758 1160 4802 ear
1174 4744 1203 4800 iu
1220 4747 1362 4816 internum
1377 4745 1481 4819 (ibid).

105 4834 168 4892 illis
183 4834 281 4890 diceas
296 4850 304 4889 ε
320 4833 437 4889 Crescite
450 4841 476 4888 et
490 4828 721 4902 multiplicarunt
733 4828 810 4901 (Gen.
826 4828 860 4901 ι),
876 4833 931 4886 etc,
1021 4835 1085 4891 Joo.
1102 4835 1175 4899 Quid
1192 4850 1260 4906 ergo
1275 4832 1334 4890 illie
1349 4834 1459 4905 deerat,
1474 4835 1498 4891 si
1524 4841 1693 4895 sanctorum
1719 4855 1808 4910 ange.

142 4922 211 4981 Jun.
226 4924 345 4993 Absque
363 4919 506 4993 baptismo
522 4923 572 4976 tuo
589 4924 671 4989 pater
684 4935 766 4975 meus
784 4918 931 4976 Abraham
987 4923 1080 4980 lorurn
1097 4922 1293 4980 familiaritate
1309 4939 1366 4979 non
1379 4924 1588 4981 fraudabantur
1599 4927 1737 4998 autquod
1750 4925 1808 4982 illis

106 5015 144 5071 de
160 5011 328 5079 monteillo,
343 5026 429 5082 quem
444 5007 655 5065 diciemorteru
671 5007 785 5077 anima,
801 5007 932 5065 salvatus
986 5011 1083 5070 claudi
1100 5019 1213 5086 poterat
1226 5011 1261 5068 dc
1278 5028 1367 5084 regno
1382 5012 1443 5081 Ilei,
1459 5012 1483 5068 si
1499 5031 1515 5070 a
1535 5014 1649 5070 civibus
1675 5014 1807 5085 ejusdem

104 5108 169 5170 cet3
184 5101 294 5174 quippe
307 5098 369 5171 qui,
386 5099 461 5171 quod
478 5099 541 5170 ipse
556 5114 612 5153 non
629 5097 776 5166 diillteris,
789 5097 890 5167 justus
903 5101 932 5153 et
986 5103 1068 5175 regni
1084 5101 1132 5158 Dei
1155 5118 1212 5157 non
1229 5102 1462 5172 separabantur?

104 5198 228 5249 sanctus
239 5191 459 5261 luit,quemque
470 5187 633 5258 objustitiaa
645 5186 782 5243 meritum
793 5186 868 5243 Deus
876 5186 932 5245 sibl
1021 5196 1078 5248 cna
1093 5208 1134 5247 sr.
1151 5191 1210 5261 ugo
1225 5190 1277 5247 tibi
1297 5192 1498 5247 demonstrare
1514 5206 1633 5264 possum
1651 5207 1702 5264 per
1729 5191 1807 5249 880

105 5291 213 5337 cicino
229 5280 337 5336 foederti
352 5278 480 5334 amicum
496 5278 575 5334 feeit·
986 5281 1210 5339 similitudinem
1237 5282 1328 5336 sancti
1352 5279 1539 5335 ecclesiastici
1561 5289 1647 5352 atque
1670 5280 1806 5339 catholici

143 5373 259 5426 Guarsr.
270 5367 391 5433 Quando
402 5374 487 5438 putas
497 5365 644 5423 Abraham
659 5364 788 5422 salvatus
799 5369 851 5435 est,
862 5370 891 5422 et
900 5366 930 5422 in
985 5370 1097 5429 ordinis
1111 5369 1177 5432 mei,
1189 5385 1276 5441 quem
1289 5369 1313 5423 ri
1326 5385 1381 5424 ivon
1394 5369 1510 5438 recipis,
1522 5370 1644 5425 libenter
1654 5371 1806 5444 recipient,

104 5459 279 5534 paradisum
295 5456 451 5514 introivit?
986 5466 1015 5517 et
1029 5458 1170 5517 veraciter
1184 5464 1340 5530 agnoscent
1355 5461 1525 5530 quicunque
1547 5460 1616 5517 bute
1640 5461 1805 5535 spectaculo

142 5547 212 5604 Juo.
226 5549 269 5602 An
284 5550 315 5603 tu
340 5553 367 5602 et
387 5543 443 5602 hoo
467 5546 564 5618 ipsum
591 5544 729 5618 refragari
755 5542 887 5613 audebis,
903 5549 931 5605 et
985 5551 1128 5606 interesse
1141 5547 1244 5604 volant
1259 5545 1370 5615 ssdeles,
1387 5561 1438 5601 scu
1455 5546 1545 5619 parvi,
1559 5564 1610 5606 seu
1636 5550 1746 5623 magni.
1772 5551 1808 5607 ut
