3950 6034
119 175 179 237 805
622 168 861 235 uuuscttuutt
883 171 936 233 be
957 168 1033 234 SUh
1056 170 1337 235 contunsione,
1769 178 1828 240 800

115 310 179 383 ipse
193 313 378 366 dermannus
392 323 478 365 anam
494 306 593 379 predii
604 309 729 374 atatem,
744 306 816 362 dum
831 305 888 363 sibi
903 305 997 363 atatis
1012 321 1088 363 anno
1104 305 1317 363 decimotertio
1333 306 1363 363 in
1378 307 1504 365 somniis
1520 309 1682 368 ocannisse
1695 311 1821 386 impera-

116 390 209 438 terem
227 382 395 447 ilenrieum,
413 381 538 436 tetberti
553 383 780 445 antecessorem,
793 394 827 433 so
843 380 941 435 adbuc
956 382 1087 450 tempore
1098 379 1215 450 imperti
1231 380 1431 453 gubernacula
1441 388 1588 439 tenentem
1599 393 1820 443 commemorat.

116 454 404 510 Mortuusautemest
416 451 613 507 HenriousiIle
623 450 881 521 imperatorhujus
892 451 1151 522 nominisquintua
1164 468 1242 507 anno
1253 451 1359 508 Christi
1378 468 1482 507 ncxxv.
1496 454 1635 512 Praeterea
1651 459 1823 516 monasterii

113 525 275 582 Tuitiensis
290 525 427 590 abbatam
438 524 596 579 liebertum
608 521 719 588 laudat,
733 523 864 589 «virum,
874 542 890 571 a
900 527 933 578 ut
947 522 998 593 ait,
1015 522 1179 580 ‹subtilam
1196 525 1223 579 iu
1246 524 1324 590 enin,
1337 523 1482 579 dlaertum
1498 524 1623 599 eloquio,
1635 532 1665 584 et
1680 537 1736 584 tam
1747 532 1822 586 diri·

114 613 218 653 aarum
235 612 325 669 quam
342 598 536 652 humanarum
553 593 715 650 litterarum
731 593 953 664 peritissimum,
967 614 982 643 s
998 608 1064 650 cum
1080 596 1185 666 quode
1200 538 1339 666 reIigione
1354 594 1524 667 disceptarit
1535 614 1542 665 ;
1555 615 1642 670 quem
1659 617 1715 655 non
1730 600 1821 659 alium

113 685 181 727 esse
197 683 244 724 res
259 670 325 740 Ipsa
336 667 575 738 loquitur,quam
587 666 748 737 liopertum
760 666 857 735 iilum,
866 665 1021 736 scriptisin
1033 665 1171 732 Genesin,
1186 667 1216 721 in
1228 664 1410 731 librumlob,
1422 666 1450 721 in
1462 669 1613 725 Canticum
1625 673 1823 742 cantieorum,

116 741 147 796 in
164 742 292 796 minores
305 738 476 811 Prophetas,
491 740 522 793 in
532 737 658 793 Mattbaei
676 737 834 793 etloannia
844 737 1005 810 evangelie,
1016 738 1044 793 in
1055 737 1248 810 Apocalypsin
1260 739 1492 803 commentariis,
1507 740 1667 811 multisque
1677 744 1741 798 altis
1749 763 1824 817 pra-

113 812 204 868 claria
219 812 328 884 ingenii
345 811 544 866 monumentis
559 808 841 873 celebrent,bi0nuio
857 814 925 864 ante
942 807 1109 864 lotharium
1125 809 1340 881 imperatorem,
1353 825 1430 866 anno
1445 809 1549 867 salutis
1565 821 1742 884 recuperata
1753 817 1823 873 {135

113 883 174 941 vita
197 884 341 938 iunctum.
358 881 423 938 Fuit
437 897 507 953 ergo
523 881 708 936 dermannus
723 880 864 935 mettiiiue
879 879 990 936 doctori
1012 879 1179 937 Bernhardo
1193 881 1270 938 inter
1284 881 1367 937 divos
1384 886 1483 952 postea
1498 881 1600 951 relato,
1612 885 1710 941 abbati
1725 888 1824 944 Clara-

116 955 242 1012 vallensi
262 961 436 1019 coetaneus,
452 968 564 1024 nosque
579 953 651 1007 adeo
666 955 696 1007 in
712 951 767 1008 hoo
782 950 925 1023 opusculo
940 951 975 1006 de
991 952 1168 1023 quibusdam
1185 953 1236 1007 avi
1254 952 1332 1010 illius
1349 969 1405 1008 nnn
1418 955 1641 1012 contemnendis
1652 955 1750 1024 rebus,
1762 959 1822 1016 ime

114 1033 144 1084 et
160 1028 196 1082 de
212 1025 361 1082 nonnuliis
376 1025 578 1081 doctrinarum
588 1023 1077 1093 momentis,pratereonversionia
1092 1040 1150 1079 ana
1163 1024 1328 1088 historiam,
1339 1024 1476 1082 certiores
1499 1026 1576 1090 iacit,
1590 1031 1620 1082 ut
1641 1031 1771 1086 nondum
1783 1033 1823 1086 sit

113 1114 170 1158 eur
184 1096 293 1156 laboris
307 1098 366 1153 huo
376 1096 502 1168 impensi
514 1111 560 1152 me
574 1095 722 1165 poeniteat.
730 1096 904 1167 Quanquam
915 1093 1186 1151 molestiastantnm
1198 1111 1255 1151 nnn
1265 1112 1369 1153 omnes
1379 1115 1395 1154 a
1407 1112 1455 1153 me
1464 1097 1569 1154 avertit
1581 1099 1750 1158 auditorum
1765 1117 1824 1160 nou

115 1175 293 1242 postremos,
310 1169 348 1226 tt.
362 1168 550 1226 Christianus
562 1167 735 1238 Feusteliua,
748 1172 784 1222 ab
795 1166 912 1238 ingenio
923 1171 952 1222 et
962 1165 1107 1223 industria
1117 1167 1202 1224 bonta
1212 1169 1351 1226 omnibus
1361 1171 1615 1227 commendandus
1625 1172 1756 1243 juvenis,
1772 1179 1823 1247 qut

114 1258 185 1298 cum
196 1258 212 1297 e
224 1241 392 1298 Christiani
407 1239 534 1306 Daumii,
545 1238 599 1294 riri
611 1237 779 1307 clarissimi,
794 1236 950 1309 disciplina
965 1235 1001 1292 ad
1013 1253 1066 1293 uns
1082 1238 1193 1294 venerit
1207 1237 1253 1295 hia
1268 1239 1373 1297 litterIs
1395 1243 1484 1313 probe
1498 1241 1607 1312 cultus,
1622 1260 1638 1298 e
1654 1248 1826 1303 membrana

116 1313 149 1369 in
164 1313 296 1370 chartam
315 1312 499 1369 transfusum
514 1310 652 1383 opinione
666 1308 754 1366 citius
768 1313 862 1366 totum
881 1307 1016 1364 exhibuit
1030 1310 1217 1379 opusculum,
1232 1325 1325 1383 eoque
1340 1312 1444 1380 effecit,
1468 1317 1500 1370 ut
1516 1314 1595 1370 nullo
1612 1318 1824 1386 propemodum

114 1385 217 1441 labore
232 1398 307 1452 meo,
324 1383 446 1456 Pugioni
466 1380 596 1438 socedat.
613 1381 694 1445 Quod
710 1381 753 1437 nti
777 1396 835 1437 non
851 1385 915 1437 erat
929 1380 1191 1450 dtssimntaneum,
1212 1382 1253 1437 ita
1276 1398 1376 1439 vereor
1396 1400 1432 1440 ne
1446 1399 1522 1458 agre
1543 1386 1628 1450 ieras,
1645 1388 1824 1446 amicissime

116 1456 237 1529 Spizeii,
253 1456 332 1529 quod
347 1455 571 1512 celeberrimum
586 1457 672 1508 tunm
688 1467 795 1508 nomeu
810 1452 876 1508 istis
890 1451 1003 1509 chartis
1014 1467 1191 1523 praeponam,
1207 1454 1292 1526 quasi
1307 1453 1416 1511 librum
1430 1461 1663 1528 consecraturus,
1675 1476 1762 1532 quem
1773 1475 1828 1517 neo

116 1529 183 1601 ipse
197 1526 377 1600 scripserim,
393 1530 422 1582 et
435 1527 521 1598 ouius
536 1526 565 1581 in
582 1524 677 1581 iucem
692 1523 813 1580 emissio
829 1523 937 1608 vigiliis
962 1538 1021 1580 non
1037 1523 1140 1581 multis
1164 1525 1237 1582 mihi
1262 1531 1385 1584 muniet.
1402 1528 1539 1584 Nondum
1563 1533 1703 1588 memoria
1721 1533 1830 1589 excidit

118 1607 232 1673 quanto
247 1614 294 1655 me
309 1598 420 1655 bonore
434 1601 506 1655 ente
519 1596 574 1652 bes
598 1599 710 1667 septem
725 1603 752 1652 et
766 1594 871 1668 riglntr
889 1610 984 1652 annos
997 1594 1141 1662 alleceris,
1156 1612 1224 1654 cem
1240 1597 1383 1655 eximium
1407 1599 1443 1656 de
1459 1615 1489 1656 re
1505 1598 1673 1657 sinensium
1688 1602 1831 1660 litteraria

119 1671 470 1739 commentarinmtunm,
481 1666 631 1724 lucernam
643 1683 701 1724 non
712 1667 813 1723 minua
823 1681 913 1739 quam
925 1668 1078 1724 demorsos
1090 1684 1204 1741 ungues
1214 1671 1388 1742 sapientem,
1398 1685 1485 1743 quem
1508 1670 1643 1744 Lugduni
1655 1671 1829 1731 batavorum

118 1745 151 1800 iu
168 1742 319 1816 publicam
335 1742 514 1813 proferebas,
530 1739 789 1795 oumernditorum
807 1738 961 1795 hominum
971 1737 1078 1810 plausu
1089 1745 1253 1813 exceptum,
1266 1742 1316 1797 nni
1328 1740 1400 1797 mihi
1413 1743 1579 1798 dedicatum
1594 1742 1693 1800 velles.
1706 1744 1776 1803 Inde
1793 1748 1829 1803 ab

118 1831 155 1872 oo
170 1823 301 1887 tempore
315 1812 352 1870 de
367 1819 557 1869 monumento
573 1810 701 1882 quodam
721 1810 861 1882 reciproci
874 1808 983 1867 ameris
999 1826 1114 1884 semper
1127 1812 1261 1883 cogitari,
1278 1812 1328 1868 sed
1340 1815 1459 1885 quando
1475 1814 1556 1883 paria
1571 1815 1666 1872 lacere
1676 1833 1733 1873 non
1746 1818 1831 1874 licuit

119 1888 277 1952 hactenns,
288 1885 324 1942 ad
341 1884 442 1957 plures
453 1884 529 1939 banc
545 1881 751 1955 professoriam
761 1881 856 1937 mutui
867 1881 1091 1938 affectusnostri
1101 1883 1232 1939 tabulam
1243 1882 1417 1940 delatumiri
1425 1885 1609 1957 judicabam,
1624 1886 1650 1943 si
1662 1889 1699 1943 ad
1710 1889 1832 1963 lamige-

119 1956 245 2015 rabilem
261 1955 427 2027 haymundi
443 1955 565 2018 librum,
576 1968 663 2078 ouem
679 1958 708 2007 et
722 1954 821 2037 ipsum
835 1952 906 2009 olim
921 1953 980 2009 tuis
995 1956 1164 2025 sumptibus
1180 1953 1299 2011 Parisiis
1324 1954 1447 2013 allatum
1473 1964 1527 2012 tua
1543 1956 1708 2015 liberalitati
1726 1963 1828 2031 debeo,

119 2029 264 2103 opuscolo
279 2027 348 2084 huie
362 2043 380 2083 a
393 2028 452 2084 situ
466 2033 495 2082 et
508 2042 583 2098 sque
596 2041 645 2081 ore
659 2023 819 2090 vindicato,
835 2023 1003 2093 cuiusmodi
1020 2026 1227 2098 antiquitatum
1244 2031 1273 2081 te
1288 2032 1488 2084 etamatorem
1503 2033 1533 2084 st
1543 2034 1737 2087 scrutatorem
1751 2034 1830 2099 novt,

120 2099 462 2176 premisseafflgeretnr,
474 2113 564 2169 quam
575 2096 599 2152 si
611 2095 720 2153 sterilis
728 2094 814 2167 agelli
828 2096 955 2151 fructum
968 2099 1118 2168 preprium
1132 2097 1315 2154 obtulissem.
1328 2096 1471 2156 Caeterum
1484 2099 1608 2155 fideliter
1619 2100 1833 2171 Hermnnnum,

120 2173 238 2246 qualem
255 2172 284 2227 in
302 2171 474 2228 membrana
488 2168 656 2241 accepimns
676 2166 870 2233 delineatum,
886 2167 1051 2232 reddimus,
1067 2168 1191 2240 adjectis
1215 2168 1311 2227 solnm
1328 2169 1405 2227 inter
1419 2187 1512 2227 noces
1527 2172 1783 2231 emendationibus
1806 2185 1836 2232 et

119 2243 321 2315 conjecturisr
337 2242 499 2299 summaria
514 2244 620 2310 coique
636 2239 794 2294 narrationi
817 2235 980 2321 ‚premissa
995 2242 1123 2297 auctoris
1138 2240 1322 2311 insinuasse,
1339 2259 1425 2300 nento
1440 2258 1498 2301 nen
1513 2242 1737 2304 animadvertet.
1753 2246 1834 2305 Vale.

158 2314 330 2373 scribebam
348 2312 464 2387 Lipsiae,
480 2312 572 2384 pridie
587 2309 730 2367 Kalendas
741 2309 864 2384 aprilis,
879 2326 956 2367 anno
971 2317 1112 2385 reparata
1131 2312 1238 2371 salutis
1253 2312 1333 2372 1687.

618 2565 922 2664 EPISTOLA
985 2567 1333 2668 HERMANNI:

177 2826 345 2886 Chartaimo
371 2824 431 2883 illio
443 2821 590 2895 heinrico,
605 2820 801 2888 Hermannna,
817 2818 864 2877 Iisl
880 2818 977 2893 gralia
992 2818 1020 2876 ld
1037 2821 1115 2893 quod
1131 2823 1186 2894 est,
1202 2822 1345 2881 sinceram
1356 2824 1386 2881 in
1402 2824 1515 2882 Christo
1525 2824 1722 2883 dilectionem.
1738 2825 1841 2902 Solent

124 2916 262 2991 plerique
277 2914 406 2988 religiosi
420 2917 481 2970 tam
496 2911 550 2969 viri
566 2909 779 2984 qnamicmina
793 2926 811 2967 a
826 2925 874 2966 ma
883 2908 1027 2967 sciscitari
1038 2909 1408 2982 qualiterdetudaiamoad
1420 2915 1527 2972 christi
1534 2916 1659 2988 gratiam
1679 2931 1839 2974 conversus

126 3007 199 3076 sim,
215 3005 259 3062 vel
274 3007 298 3063 si
317 3021 380 3077 qne
395 3003 472 3060 inter
486 3002 552 3075 ipsa
565 2998 764 3057 conversionis
780 3015 851 3055 mea
866 2997 1027 3071 primordia
1046 2998 1168 3072 maligni
1183 3000 1278 3060 hostis
1291 3007 1473 3061 tentamenta
1496 3003 1677 3077 pertulerim.
1700 3005 1784 3062 Siout
1807 3021 1840 3076 et

125 3110 234 3167 nuper,
250 3098 279 3151 te
306 3096 459 3165 presente,
474 3089 673 3162 quarumdam
689 3104 778 3145 sacra
790 3087 1021 3144 conversationis
1038 3087 1214 3146 laminarum
1230 3090 1334 3148 devota
1349 3092 1489 3165 petitione
1503 3097 1622 3149 conotus
1637 3109 1705 3150 aum
1717 3109 1837 3150 omnem

122 3184 189 3256 eius
204 3184 312 3242 seriem
327 3181 479 3255 replicare.
494 3178 559 3237 Non
572 3178 650 3236 enim
663 3194 699 3235 ea
713 3176 851 3235 facilitate
866 3191 1025 3235 conversus
1041 3194 1119 3249 anm,
1131 3193 1191 3249 qua
1206 3178 1314 3237 multos
1326 3181 1559 3253 sapeiniideles,
1570 3182 1630 3238 sive
1643 3183 1761 3239 tudens
1771 3182 1833 3239 aire

129 3289 275 3348 paganos,
288 3271 324 3329 ad
340 3270 429 3327 fldem
445 3267 621 3326 catholicam
638 3266 792 3338 repentina
806 3273 834 3323 et
847 3265 999 3338 inopinata
1014 3268 1176 3325 mutatione
1190 3270 1318 3327 converti
1327 3271 1471 3328 videmus.
1489 3275 1521 3326 ut
1534 3286 1609 3342 quoe
1626 3270 1688 3327 beri
1705 3271 1833 3343 pertidus

126 3362 312 3428 dolebamus,
324 3359 412 3416 hodte
429 3356 530 3414 fideles
544 3360 574 3414 et
590 3359 707 3413 nostros
721 3356 751 3411 in
767 3355 862 3427 gratia
871 3354 979 3411 Christi
992 3355 1083 3411 iactos
1095 3357 1261 3414 onhaeredes
1271 3360 1463 3431 gaudeamus.
1476 3361 1510 3416 ht
1520 3375 1586 3416 vero
1602 3359 1835 3430 meaconvarsio,

125 3450 309 3524 gravissimis
324 3449 356 3506 in
371 3447 436 3520 elus
455 3444 617 3519 primordio
631 3443 884 3502 crebrescentibus
898 3444 1093 3501 tentationum
1109 3447 1254 3517 procellis,
1265 3447 1436 3521 multisque,
1453 3464 1485 3504 aa
1499 3448 1525 3506 ei
1538 3453 1703 3522 opponente
1715 3449 1837 3521 antiquo

126 3540 225 3606 hoste,
239 3536 368 3607 insidiis,
383 3534 509 3607 etlonga
527 3532 673 3607 protelata
687 3531 890 3598 fluctuatione,
905 3531 1207 3591 etmaaimistandetn
1219 3533 1369 3593 laboribus
1386 3536 1502 3594 siieotui
1512 3537 1745 3610 estmancipate.
1756 3537 1840 3594 Unde

129 3634 160 3686 et
175 3627 231 3700 piis
247 3627 370 3684 auribus
382 3622 507 3682 tantoad
517 3621 696 3680 audiendum
710 3619 957 3686 estdelectabilia,
972 3626 1082 3693 quanto
1096 3638 1131 3679 ea
1142 3622 1197 3679 heo
1209 3623 1274 3694 ipsa
1290 3625 1411 3681 allectus
1422 3625 1469 3681 ani
1480 3624 1653 3682 diiiicuttate
1665 3626 1777 3682 exstitit
1785 3625 1839 3682 mi·

129 3716 246 3775 rabilia.
255 3714 381 3773 Proinde
393 3712 556 3769 multorum
568 3709 881 3779 devotioueaccenans,
897 3714 926 3765 et
936 3718 983 3766 tna
997 3710 1196 3782 potissimum,
1208 3713 1298 3769 trater
1306 3712 1492 3782 charissime,
1503 3713 1552 3785 pia
1561 3713 1761 3771 exhortatione
1773 3715 1838 3771 ani·

134 3810 246 3874 matus,
261 3805 386 3878 dignum
401 3801 471 3859 duxi
486 3799 562 3858 bano
576 3798 683 3856 littaris
699 3797 848 3865 mandare,
864 3801 894 3854 et
909 3813 959 3870 per
973 3813 1038 3854 eam
1054 3799 1287 3856 inestimabilem
1303 3801 1428 3873 gratiam
1444 3802 1520 3874 ejus,
1536 3801 1585 3873 qui
1600 3817 1646 3857 nie
1661 3803 1697 3858 de
1712 3803 1839 3859 tenebris

134 3895 250 3953 vocavit
264 3895 294 3951 in
308 3891 483 3951 admirabile
497 3890 598 3947 lumen
614 3903 710 3957 suum,
724 3893 783 3945 tem
801 3886 891 3945 loturi
904 3903 992 3959 quam
1004 3889 1158 3960 prasentia
1168 3889 1221 3946 avi
1232 3888 1382 3960 lidelibus,
1396 3891 1431 3947 ad
1444 3905 1603 3964 parennem
1615 3889 1708 3962 ipsius
1721 3889 1838 3947 laudem

133 3992 164 4045 et
183 3982 305 4059 gloriem
320 3980 447 4040 fideliter
460 3978 645 4037 annuntiare.

854 4064 977 4139 Explicit
995 4066 1120 4138 epistota.

820 4324 857 4383 In
876 4321 1003 4383 nemine
1021 4321 1148 4385 Domini

924 4469 1059 4528 INCIPIT

145 4625 390 4768 ttoNAE
443 4616 885 4762 nebulum
941 4622 1329 4765 FRATRIS
1376 4627 1839 4768 fluuubttut

870 4882 1009 4930 ΟῦΟΝὓΑΜ
1027 4885 1119 4926 ΠΙΜΙ

388 5161 391 5168 Ι
437 5010 519 5108 DE
552 5009 673 5107 SUA
707 5007 1148 5109 CONVERSIONE
1185 5016 1574 5119 OPUSCULUM.

149 5302 153 5312 ⁵
194 5342 617 5413 ean.1.-bsvttteaeqoom
635 5334 705 5395 aldit
725 5334 908 5409 odhocpuar.
978 5342 1129 5413 Abarita,
1144 5358 1180 5399 ex
1194 5347 1276 5417 patre
1290 5345 1382 5403 David
1396 5348 1425 5403 el
1440 5347 1533 5403 matre
1555 5343 1694 5417 Sephora,
1715 5343 1745 5399 iu
1761 5342 1848 5401 Golo-

149 5477 155 5488 .
178 5435 273 5509 Igitur
287 5450 341 5507 ege
348 5426 815 5507 peecatoratindignnaaaoerdos,
827 5426 971 5487 Herman-
1025 5430 1121 5488 niensi
1131 5432 1283 5507 metropoli
1294 5435 1449 5500 oriundus,
1464 5449 1530 5489 oum
1542 5435 1637 5491 adbuc
1647 5433 1848 5505 judaiceinii·

141 5542 211 5594 nna,
224 5524 317 5583 ludas
332 5524 479 5597 qnondam
494 5520 601 5589 dietus,
615 5532 721 5592 genere
736 5516 876 5584 Israelita,
890 5520 970 5578 tribu
1025 5519 1154 5579 delibatis
1168 5522 1288 5581 nexibus
1300 5526 1417 5583 tenerer
1430 5520 1570 5593 irretitus,
1586 5529 1762 5597 proventura
1776 5521 1849 5579 mibi
