3950 6034
174 316 234 378 stt
718 310 890 377 llUPlll'll
911 305 1080 373 nostris
1101 305 1326 369 tbtvlbnsts
1826 308 1886 366 272

175 447 247 503 dant
261 445 353 502 Deum
369 444 522 512 artilloem,
539 462 613 519 qnos
627 447 786 519 Apostolus
805 445 931 521 percutit
955 442 997 500 di·
1012 444 1040 512 A
1056 439 1119 497 sois
1133 439 1243 512 experti
1260 441 1330 495 sunt
1345 436 1505 494 benslioiis.
1517 437 1550 494 ln
1562 436 1610 493 bis
1621 435 1762 493 nimirum
1774 435 1889 494 clamor

177 534 744 610 cens:«Quicumoognovissentltenm,
755 554 814 594 non
825 538 1000 594 siontlieum
1055 528 1103 585 ills
1118 527 1235 585 Domini
1253 545 1311 584 non
1325 526 1431 584 surdas
1446 543 1531 583 aures
1543 524 1665 598 invenit,
1676 524 1801 582 dicentis
1812 541 1819 581 :
1829 527 1887 583 «si

176 624 421 698 glorificaverunt,
437 628 489 680 aut
502 625 613 695 gratias
628 630 751 699 egerunt
764 626 853 699 (Rom.
867 629 899 696 1).
921 646 935 674 ι
959 623 1001 680 ιιι
1056 618 1123 690 quis
1137 617 1211 687 sitit,
1227 618 1323 674 veniat
1333 616 1462 672 etbibat.
1477 619 1534 671 »st
1544 631 1692 688 exponens
1703 631 1791 686 quam
1803 615 1886 671 sitim

177 730 246 770 oum
262 713 433 787 praeditolur
447 711 491 769 eit
506 716 586 771 lanta
606 714 734 772 ebaritas
754 715 815 787 oei,
843 714 920 787 quod
949 729 1000 785 pro
1055 711 1179 779 querat,
1194 707 1265 777 quid
1277 705 1436 763 bibendum
1448 705 1560 772 oderat,
1572 703 1723 776 adjungit:
1737 725 1751 754 ι
1761 703 1815 768 Qui
1824 718 1890 759 ore·

176 801 263 860 nobis
277 800 384 859 Filium
394 818 479 859 suum
492 800 622 870 tradidit,
634 819 692 860 non
700 813 875 861 venerantur
886 800 1000 876 magui·
1057 796 1144 853 ditio
1161 813 1217 864 me,
1237 795 1358 854 liomina
1375 796 1410 852 de
1425 798 1526 853 ventre
1536 796 1602 867 ejus
1613 795 1707 851 fluent
1722 808 1805 866 equa
1815 794 1887 849 vivs

178 893 313 950 tudinem
325 890 471 960 beneficii,
482 893 532 948 aad
542 891 665 949 irrident
675 891 870 950 utstnltitiam
880 892 1001 949 verbum
1056 888 1145 953 (loon.
1161 889 1222 956 vn).
1239 907 1253 937 ι
1268 886 1322 952 Qui
1337 885 1431 943 credit
1445 887 1476 942 in
1493 900 1549 954 me,
1566 885 1643 942 idern
1662 888 1708 940 eat
1730 899 1764 941 ac
1791 882 1816 939 si
1840 882 1886 938 di·

177 982 273 1038 erucis
298 979 410 1037 Christi
426 978 449 1053 (1
464 982 525 1037 Cor.
542 982 572 1051 ι).
596 982 678 1038 Τιιιι
701 982 823 1056 spiritus
847 996 1001 1053 nunquam
1056 974 1148 1031 uisset
1163 991 1170 1030 :
1186 975 1239 1040 Oui
1251 975 1313 1031 sitit
1324 974 1465 1041 maooid
1478 975 1555 1030 enim
1567 976 1652 1030 estin
1665 972 1813 1029 Christum
1824 987 1890 1027 ors-

178 1070 327 1143 dignatur,
343 1069 413 1141 quia
435 1070 492 1126 beo
517 1069 650 1139 odibiles,
676 1070 886 1145 ingratitudine
910 1069 1002 1126 nimis
1057 1067 1136 1134 dere,
1153 1066 1210 1123 uisi
1224 1066 1372 1124 Christum
1388 1065 1574 1123 sitire‘lPlns
1593 1066 1703 1139 quippe
1721 1063 1812 1120 multo
1838 1064 1887 1119 est

177 1157 272 1232 legem
288 1158 450 1215 naturalem
467 1160 702 1230 prevaricantur.
717 1159 856 1217 Naturale
876 1174 1003 1231 namque
1057 1154 1177 1210 credere
1191 1154 1222 1211 in
1250 1154 1411 1221 Christum,
1436 1169 1522 1227 quam
1547 1154 1664 1211 credere
1688 1155 1813 1226 Christo,
1838 1159 1885 1215 vel

178 1246 511 1305 estbominiamantem
528 1247 1003 1322 redamare,etopusqnodlaude
1058 1246 1174 1301 credere
1194 1244 1355 1300 Christum.
1382 1244 1505 1300 Credere
1534 1245 1661 1314 Christo,
1695 1247 1885 1319 subauditor,

178 1335 311 1409 dignum,
327 1336 465 1407 quodque
479 1335 633 1410 indignum
650 1337 700 1407 sit,
717 1353 804 1409 posse
825 1337 1002 1393 discernere.
1059 1332 1137 1404 quod
1153 1349 1254 1389 verum
1269 1333 1378 1403 credat,
1395 1332 1438 1389 vel
1454 1333 1572 1389 credere
1591 1332 1753 1403 Christum,
1775 1338 1887 1394 subeu-

178 1424 262 1490 Quod
276 1440 335 1497 qua
348 1424 418 1480 vitio
434 1440 499 1491 sno,
510 1424 645 1482 videlicet
655 1427 725 1498 quia
735 1426 842 1499 ingrati
853 1432 924 1483 snut
934 1442 1005 1499 erga
1060 1425 1140 1480 ditur
1154 1439 1230 1494 ease,
1247 1440 1304 1480 non
1318 1439 1458 1496 magnum
1475 1427 1530 1493 est,
1543 1422 1689 1496 siquidem
1700 1428 1728 1480 et
1739 1426 1889 1485 daemones

179 1515 1004 1589 Deum,lacerenolunt,maritospiritusDeiasmotipsom
1060 1513 1185 1570 credunt
1208 1518 1236 1570 et
1260 1512 1492 1569 contremiscunt
1514 1515 1583 1582 (loc.
1611 1512 1654 1584 n).
1681 1515 1714 1569 lt
1735 1531 1801 1571 vero
1826 1532 1890 1574 cre·

181 1619 240 1661 uon
256 1603 348 1660 orsdit
362 1603 416 1671 eis,
431 1619 539 1676 eosque
555 1603 584 1661 in
596 1603 742 1661 desideria
753 1605 850 1662 cordis
861 1605 1005 1678 ipsorum,
1061 1602 1129 1660 dere
1144 1604 1174 1659 iu
1189 1600 1349 1671 Christum,
1365 1602 1392 1656 id
1409 1605 1454 1658 est
1468 1618 1520 1674 per
1530 1602 1618 1659 tidem
1630 1602 1809 1661 ambulando
1820 1608 1891 1662 ten-

180 1692 214 1749 io
225 1692 457 1763 immunditiam;
470 1693 501 1749 in
512 1693 664 1765 passiones
678 1694 856 1767 ignominis,
868 1693 931 1750 etin
941 1711 1005 1750 om·
1062 1692 1131 1749 dere
1145 1693 1174 1749 in
1189 1691 1350 1761 Christum,
1363 1690 1495 1748 venerari
1510 1699 1538 1748 et
1558 1706 1656 1748 amare
1682 1691 1810 1749 Verbum
1836 1710 1891 1766 per

182 1799 249 1840 nem
261 1783 415 1855 reprobum
425 1784 642 1852 sensum,siout
652 1784 809 1854 Apostolus
819 1784 871 1853 alt,
882 1784 1005 1840 traditos
1020 1814 1044 1879 B
1064 1782 1143 1855 quod
1154 1780 1253 1838 omnin
1261 1780 1425 1848 factasunt,
1434 1779 1751 1854 ampliusautemqnod
1759 1781 1889 1840 Verbum

182 1871 361 1944 derelinquit
374 1872 462 1945 (Rom.
478 1874 510 1944 ι).
522 1875 636 1929 atvero
648 1888 774 1944 quornm
791 1871 930 1928 intuitum
942 1872 1007 1928 iiia·
1063 1888 1130 1929 caro
1145 1873 1264 1937 laetum,
1280 1874 1308 1927 ιι
1323 1870 1467 1926 habitavit
1481 1870 1510 1926 in
1526 1871 1612 1927 nobis
1628 1871 1716 1944 (ioan.
1733 1870 1764 1943 1).
1777 1873 1831 1938 Qui
1843 1889 1891 1929 er-

181 1961 285 2018 bolioae
299 1977 357 2017 non
374 1961 492 2017 cecavit
503 1959 593 2016 telum
609 1961 786 2028 invidentis,
797 1966 1007 2034 cognoscentes
1063 1977 1100 2034 go
1116 1960 1159 2018 sic
1174 1959 1245 2027 sitit,
1264 1957 1305 2016 illi
1320 1958 1407 2015 datur
1422 1959 1520 2016 bibere
1534 1959 1570 2015 ds
1588 1960 1699 2033 Spiritu
1722 1959 1840 2017 Christi.
1866 1960 1889 2017 Ο

181 2069 216 2108 ex
230 2050 368 2123 operibus
383 2051 488 2107 mundi
503 2050 660 2117 Artificem,
680 2059 836 2109 veneratur
857 2052 950 2121 illum,
978 2055 1008 2108 ιι
1064 2056 1172 2124 quauta
1186 2051 1222 2107 de
1237 2049 1336 2121 inopia
1351 2047 1520 2105 sublevatur
1532 2053 1676 2118 ereatura,
1693 2057 1724 2104 ut
1739 2064 1806 2106 oum
1821 2049 1890 2107 Cre·

181 2139 1010 2213 benevolesapientiamejuslaudautinrequitatsopsrum
1064 2146 1145 2197 aiore
1172 2156 1227 2196 suo
1252 2154 1343 2195 nuum
1371 2137 1506 2195 eumdem
1532 2138 1668 2209 spiritum
1695 2138 1813 2207 habeat,
1838 2140 1891 2211 qui

185 2230 282 2302 magis
296 2233 394 2286 autem
410 2229 594 2285 incarnatum
610 2232 640 2285 et
654 2245 775 2302 passum
796 2246 847 2301 pro
869 2230 1007 2287 omnibus
1064 2227 1146 2286 solue
1158 2233 1333 2285 sternarum
1349 2226 1520 2284 divitiarum
1537 2226 1675 2283 cumulus
1691 2232 1747 2295 est,
1764 2244 1823 2299 qno
1850 2231 1892 2285 ita

185 2316 348 2384 audientes,
370 2317 418 2373 Dei
432 2315 847 2390 virtulemetDeieapiantism
858 2318 1008 2376 Christum
1065 2318 1237 2387 inebriatur,
1252 2316 1433 2390 stimuletur
1460 2321 1560 2374 venter
1583 2316 1698 2388 auimo,
1724 2320 1757 2372 ut
1780 2318 1815 2375 de
1841 2317 1891 2375 illo

184 2406 207 2477 (l
223 2404 287 2463 Cor.
304 2406 325 2479 ι)
342 2405 480 2479 diligunt,
491 2405 664 2479 approbant,
676 2406 904 2480 amplectuutur,
916 2406 1008 2464 hono·
1066 2407 1160 2465 fluant
1173 2414 1267 2478 atque
1281 2408 1365 2478 vivae,
1379 2406 1488 2462 scilieet
1503 2406 1641 2478 dogmata
1655 2406 1759 2463 divinas
1772 2406 1893 2480 sapien-

185 2499 260 2551 ront.
278 2495 359 2553 Unde
373 2500 420 2553 est
434 2494 506 2553 illud
523 2496 552 2553 in
568 2495 717 2553 Canticia:
733 2519 748 2548 «
764 2496 866 2553 Oleum
882 2498 1007 2555 ell'usum
1065 2497 1123 2568 tia,
1135 2497 1280 2553 utmerito
1291 2495 1429 2552 dicatur«
1440 2495 1891 2569 loushortorurn,putsnanua·

184 2584 1007 2657 nomentuum,ideoadolescentulodilexeruntte(dunt.
1066 2603 1130 2643 rum
1148 2587 1238 2658 (dont.
1253 2583 1302 2657 av).
1320 2607 1335 2635 n
1351 2585 1452 2656 Igitur,
1467 2589 1602 2657 utsupra
1626 2585 1736 2642 dictum
1762 2591 1818 2656 est,
1841 2587 1891 2644 hio

182 2676 215 2744 ι).
228 2695 242 2725 ι
254 2673 354 2746 ltaque
364 2673 613 2747 quemadmodum
626 2675 654 2731 in
667 2675 865 2749 sponsalibus,
878 2676 1009 2748 primum
1066 2678 1137 2734 ordo
1153 2680 1321 2741 consuetos,
1337 2675 1398 2730 hac
1409 2674 1578 2746 preparatio
1587 2680 1757 2746 competens
1768 2680 1813 2733 ιιι
1820 2681 1891 2733 ante

183 2780 301 2837 sponsat
315 2763 481 2821 ostenditur
496 2780 635 2837 sponsus,
651 2763 789 2821 laudator
803 2782 907 2839 genus,
928 2766 1008 2822 lorti·
1066 2767 1222 2823 adventum
1238 2764 1332 2821 sancti
1347 2763 1484 2835 Spiritus,
1502 2768 1535 2820 ut
1550 2764 1631 2837 prins
1649 2763 1727 2821 bons
1750 2768 1891 2822 ιιιιιιιιιι

182 2851 253 2910 todo
280 2853 466 2926 praediontur,
496 2853 602 2909 divitis
632 2858 827 2910 numeruntur
854 2859 883 2909 et
915 2855 1010 2910 lorma
1066 2853 1892 2926 vetuntaaergacrearoremexcitatur,predioarionebe·

182 2940 416 3007 commendatur,
434 2956 485 3012 per
499 2939 672 3012 quaomnia
685 2941 1009 3013 mutuusalieotua,vo·
1067 2945 1237 3002 nelloiorum
1251 2944 1326 3014 ejus,
1336 2944 1415 3014 quin,
1425 2947 1549 2999 testante
1561 2943 1711 3016 Scriptura
1723 2960 1786 3015 qus
1795 2944 1890 3002 dicit:

181 3025 390 3099 luntariusque
405 3029 507 3101 puelle
526 3030 652 3100 exigitur
674 3046 813 3086 assensus
836 3036 865 3086 et
890 3032 1009 3087 demum
1093 3032 1228 3090 Hominis
1242 3035 1286 3087 est
1301 3047 1464 3102 preparare
1479 3031 1620 3097 animum,
1645 3031 1760 3088 Domini
1788 3036 1891 3090 autam

187 3131 240 3188 per
253 3123 428 3174 conventum
445 3119 565 3187 amoris,
582 3118 619 3186 is,
636 3118 732 3190 quiin
760 3120 824 3177 suis
849 3121 1009 3193 placuerat,
1067 3122 1227 3194 gubernare
1242 3121 1373 3195 lingnam
1389 3122 1483 3191 (Pron.
1502 3122 1579 3189 xvr);
1596 3142 1612 3171 »
1626 3119 1775 3193 itemque:
1792 3143 1807 3172 a
1834 3121 1895 3178 lio·

188 3209 269 3262 totus
282 3206 311 3261 in
331 3204 429 3278 seipso
452 3207 648 3281 cognoscitur.
677 3207 729 3274 lta,
756 3212 874 3265 Creator
901 3169 1048 3278 noster,c
1068 3212 1156 3268 minis
1175 3216 1221 3269 est
1234 3210 1389 3283 disponere
1407 3210 1485 3265 viam
1511 3224 1606 3278 suam,
1632 3210 1684 3265 sed
1706 3209 1821 3267 Domini
1847 3216 1896 3268 ιιι

188 3294 271 3365 prins
286 3293 452 3351 animarum
468 3299 636 3353 nostrarum
652 3295 681 3351 in
697 3311 728 3352 ιι
739 3296 847 3353 ιιιιιιι
861 3298 1011 3368 all'ectum,
1068 3300 1193 3375 dirigere
1207 3316 1327 3375 grossus
1341 3301 1406 3372 ejus
1420 3298 1525 3374 (ibid),
1541 3320 1556 3350 ι
1570 3298 1635 3368 boo,
1651 3299 1784 3371 inquam,
1798 3300 1897 3372 Serip-

187 3399 308 3439 suorom
337 3383 505 3441 ostensione
534 3400 668 3457 operum,
695 3400 814 3456 sueque
849 3387 923 3444 121
966 3386 1010 3443 di·
1067 3394 1134 3446 tura
1147 3393 1285 3458 testante,
1302 3388 1434 3447 naturale
1458 3392 1503 3445 est
1527 3392 1560 3444 nt
1586 3387 1736 3445 humanus
1756 3390 1892 3459 ednotus,

185 3472 317 3529 vinitatis
332 3472 626 3546 omnipotentissime
641 3478 670 3530 et
684 3474 897 3532 incarnationis
911 3494 1012 3533 sacro·
1066 3477 1096 3533 id
1111 3483 1157 3536 est
1171 3479 1248 3535 bono
1260 3477 1396 3535 voluntas
1408 3494 1477 3551 erga
1492 3477 1638 3534 Crantoris
1654 3478 1806 3534 benelaota
1825 3495 1893 3536 mo·

186 3565 306 3629 sancta,
323 3561 401 3619 lideli
415 3561 631 3634 predicatione,
646 3569 675 3619 st
690 3563 794 3620 deinde
809 3566 857 3620 ubi
880 3565 1010 3639 seipsum
1064 3574 1176 3624 ventur.
1193 3568 1274 3635 Quod
1292 3567 1341 3623 ubl
1356 3584 1413 3623 non
1428 3568 1471 3637 ιιι,
1482 3566 1705 3639 ingratitudinis
1716 3567 1832 3634 vitium,
1858 3574 1892 3624 st

185 3649 332 3721 placuisse
342 3650 459 3718 viderit,
476 3650 655 3708 confidenter
674 3652 793 3723 accedit,
809 3652 887 3709 sieut
898 3653 935 3710 ds
945 3669 1009 3709 mu·
1064 3657 1263 3731 superbientis
1277 3655 1369 3713 animi
1382 3661 1566 3728 contemptus
1581 3660 1636 3712 est.
1650 3655 1724 3712 Nam
1745 3657 1820 3727 quod
1846 3657 1891 3713 ait

182 3737 254 3796 liers
269 3739 337 3796 lorti
352 3739 574 3813 scriptumest:
592 3762 605 3790 «
622 3740 747 3798 Conlldit
774 3743 803 3798 ln
825 3758 859 3798 ea
882 3759 932 3800 cor
954 3743 1010 3800 virl
1064 3746 1242 3820 Apostolus:
1259 3770 1273 3797 ι
1290 3751 1365 3802 Deus
1379 3745 1458 3801 enim
1473 3749 1528 3813 est,
1544 3746 1594 3816 qui
1611 3746 1787 3817 operatorio
1799 3746 1888 3803 nobis

183 3828 231 3883 sui
246 3828 339 3900 (Prot.
355 3832 445 3898 xxxi),
463 3850 478 3879 »
502 3832 531 3886 et
550 3827 760 3900 plenitudinem
786 3830 832 3886 sui
856 3833 975 3899 amoris,
993 3853 1007 3882 ι
1062 3836 1136 3895 vella
1150 3842 1180 3893 et
1193 3837 1332 3910 perlicere
1347 3851 1399 3906 pro
1414 3832 1490 3890 bona
1504 3832 1655 3890 voluntate
1670 3834 1787 3907 (Philip.
1811 3837 1855 3907 n),
1873 3857 1890 3886 »

182 3915 213 3972 id
229 3921 275 3973 ιιι
288 3917 432 3989 Spiritum
449 3923 597 3986 sanatum,
612 3918 642 3973 in
658 3918 738 3974 illam
751 3920 884 3976 attondit.
896 3921 938 3977 lbi
949 3937 1009 3978 ma·
1063 3926 1241 3999 supradicte
1255 3941 1312 3982 non
1328 3927 1474 3997 repugnat
1488 3923 1647 3979 sententia.
1664 3923 1817 3997 Siquidem
1838 3925 1893 3981 bo·

182 4006 303 4063 nilestot
316 4005 365 4064 ills
380 4008 522 4080 seipsum,
540 4008 616 4078 quod
634 4023 783 4080 nonquam
805 4024 856 4080 per
871 4008 950 4065 aliud
962 4008 1007 4079 lll,
1063 4015 1152 4071 minis
1160 4014 1341 4072 estanimum
1352 4027 1526 4086 praeparare,
1537 4011 1565 4067 id
1577 4015 1622 4068 est
1633 4013 1710 4068 bona
1722 4013 1803 4084 velle,
1815 4014 1890 4071 dom

181 4093 239 4149 nisi
255 4110 307 4165 per
319 4094 406 4163 bunc,
418 4096 521 4166 dequo
531 4092 691 4168 loquimur,
702 4095 844 4166 Spiritum
860 4102 1006 4166 sanctum,
1063 4103 1198 4160 rationali
1213 4118 1301 4160 sensu
1317 4102 1428 4159 bonnm
1444 4101 1585 4158 disseruit
1599 4104 1629 4157 et
1643 4102 1797 4174 approbat,
1810 4103 1894 4159 siout

178 4180 291 4237 idcirco
306 4182 428 4254 lamjem
439 4198 583 4255 passurus
596 4183 745 4251 Dominus,
757 4188 786 4240 et
795 4190 862 4256 post
871 4188 1005 4244 eamdem
1061 4192 1139 4249 idem
1155 4190 1313 4264 Apostolos
1324 4191 1366 4247 ait
1377 4206 1384 4246 :
1396 4212 1411 4242 «
1423 4190 1496 4246 Nam
1507 4189 1581 4245 velle
1593 4189 1708 4260 adjacet
1717 4189 1789 4246 mihi
1799 4191 1890 4263 (Bon.

179 4270 1006 4343 passionemsuambuncSpiritumdaturus‚dilectionem
1060 4275 1121 4347 vn),
1138 4295 1153 4325 n
1168 4274 1246 4330 Deus
1260 4288 1328 4329 vero
1348 4271 1404 4329 hoc
1420 4273 1518 4344 ipsum
1543 4269 1617 4327 velle
1644 4278 1791 4344 operatur,
1815 4275 1888 4329 dom

178 4359 1007 4434 attentiuscommmendabnt(loon.x1),vidaliootutdilec—
1060 4364 1155 4437 gratia
1168 4380 1225 4420 soa
1238 4379 1343 4420 causas
1361 4376 1457 4435 agere,
1476 4364 1565 4433 atque
1589 4360 1705 4417 Domini
1731 4363 1890 4419 ostendere

178 4448 220 4505 tio
234 4450 331 4507 cordis
347 4450 481 4521 humani,
497 4448 647 4506 dilectioni
662 4451 723 4517 Dei,
736 4453 787 4523 qni
806 4457 851 4509 est
878 4454 1006 4525 Spiritus
1059 4452 1888 4527 dignator,quarumiutuituvoluntasejusadamandum

176 4543 308 4611 sauctus,
324 4545 489 4598 occurreret
503 4540 661 4613 locumque
675 4546 861 4613 prepararet.
874 4543 952 4610 lam,
969 4551 1003 4602 ot
1018 4530 1041 4596 l)
1057 4548 1147 4599 Deum
1163 4543 1318 4601 excitetur.
1338 4541 1423 4598 ilerbi
1438 4539 1551 4613 gratia:
1569 4540 1645 4596 Petri
1667 4540 1791 4612 apostoll
1818 4541 1890 4613 luit,

176 4627 209 4685 id
224 4632 377 4702 superiora
387 4636 578 4700 revertamur,
591 4629 677 4688 talam
689 4631 855 4689 dilectionis
866 4634 946 4691 sitim
958 4652 1003 4693 re·
1059 4634 1091 4688 nt
1105 4631 1193 4689 vellet
1208 4637 1329 4704 paratus
1344 4646 1410 4687 esso
1423 4645 1491 4686 oum
1505 4628 1627 4686 Domino
1638 4627 1668 4685 in
1682 4633 1805 4687 mortem
1814 4635 1844 4687 et
1854 4631 1889 4688 in

177 4716 320 4790 quirebat,
334 4735 402 4776 oum
420 4719 451 4775 in
466 4718 575 4791 templo
590 4726 673 4776 stans
683 4720 854 4777 etolemans
865 4722 1001 4780 dicabat:
1057 4738 1205 4778 carcerem
1220 4722 1263 4778 ire
1277 4723 1354 4793 (luc.
1373 4720 1452 4791 xxti),
1469 4718 1521 4775 sed
1536 4719 1591 4775 hoo
1607 4718 1705 4792 ipsum
1722 4717 1794 4775 vello
1816 4732 1893 4792 ope-

177 4828 193 4860 «
207 4807 235 4865 si
251 4806 319 4880 quis
335 4807 408 4876 sitit,
422 4808 521 4865 veniat
534 4812 563 4865 et
578 4807 667 4864 bibat.
686 4832 697 4861 ι
710 4808 764 4865 Ubi
779 4813 808 4866 st
819 4810 1002 4885 Scenopegis
1058 4817 1139 4868 ratos
1154 4812 1249 4868 luerat
1264 4810 1293 4868 in
1304 4827 1338 4868 ιο
1349 4813 1444 4877 Pater,
1455 4811 1506 4880 qui
1516 4807 1667 4865 Christum
1680 4808 1782 4864 Filium
1793 4824 1888 4867 suum

174 4895 328 4965 festivitas,
340 4898 457 4970 quando
470 4913 614 4954 memores
626 4897 893 4956 beneficiorumllei
905 4901 1001 4958 tabar-
1057 4901 1086 4955 in
1104 4900 1182 4956 buno
1197 4901 1342 4956 mundum
1360 4899 1489 4968 miserat,
1504 4904 1532 4953 et
1547 4897 1616 4954 huie
1637 4896 1825 4955 revelaverat.
1851 4897 1892 4953 ιιι

175 4984 279 5043 nacula
294 4985 450 5057 iaciebant,
466 4991 603 5060 utsupra
617 4985 729 5043 dictum
745 4991 799 5057 ost,
809 4989 845 5045 ad
861 4990 1001 5047 similitu·
1058 4988 1126 5061 quin
1140 4987 1251 5044 lndois
1261 4986 1460 5045 invidentibus
1472 4990 1560 5057 atquo
1569 4986 1823 5058 persequentibus,
1835 4983 1887 5043 bic

174 5076 272 5133 dinem
287 5075 554 5145 tabernaculorum,
568 5076 598 5132 ln
614 5077 723 5149 quibos
735 5077 939 5136 habitaverunt
950 5097 1003 5153 per
1056 5084 1083 5132 ιι
1097 5075 1330 5148 ιιιιιίιριιιιιί
1345 5092 1432 5133 auum
1448 5075 1521 5133 velle
1531 5080 1599 5144 Deo,
1613 5077 1760 5148 siaotlam
1772 5078 1886 5134 dictum

174 5165 1000 5243 desertum,quandodsAEgvptoeductisnot,lestivitna,
1056 5169 1111 5233 est,
1134 5166 1434 5234 accommodaverant,
1457 5165 1568 5223 idoiroo
1594 5167 1671 5238 quod
1697 5182 1784 5223 snum
1809 5170 1886 5235 erat,

174 5254 307 5329 inquam,
324 5272 445 5330 magna,
459 5254 654 5313 solemnitatis
668 5257 733 5327 ejus
748 5261 918 5330 typuserst,
934 5275 999 5331 qne
1056 5254 1177 5326 perfecit
1187 5256 1272 5320 Dens,
1292 5254 1434 5310 mittendo
1444 5252 1502 5310 illis
1513 5253 1655 5327 Spiritum
1667 5264 1813 5325 sanctum,
1825 5271 1887 5328 quo

175 5346 330 5403 nostriein
346 5345 1001 5419 mentibuasplenderedebetoontemplanti-
1055 5348 1173 5417 accepto
1188 5342 1442 5416 Petrus,qnijam
1471 5343 1544 5400 velle
1568 5342 1723 5413 habuerat,
1747 5343 1888 5417 perfluere

170 5430 228 5488 bus
244 5433 387 5491 beneficia
403 5433 813 5507 bet,quaoer1·¹ilionsuum
827 5434 999 5506 Redempto
1054 5447 1173 5507 qnoque
1188 5434 1320 5500 baberet,
1336 5431 1446 5489 scilieet
1464 5437 1497 5488 ut
1506 5436 1639 5504 potenter
1658 5450 1712 5507 pro
1727 5431 1844 5490 Christo
1855 5433 1887 5490 iu

171 5535 232 5576 rem
249 5527 381 5579 nostrum
399 5524 553 5597 magnifiee
569 5522 723 5581 nobiseum
739 5523 810 5596 egit,
835 5527 863 5580 et
883 5523 919 5579 ob
945 5524 1000 5582 hoc
1054 5538 1201 5579 carcerem
1214 5524 1243 5577 ιι
1258 5521 1287 5578 in
1304 5523 1428 5578 mortem
1444 5519 1509 5579 iret.

171 5607 341 5669 sitientibus
354 5610 437 5667 ilium
453 5613 483 5669 in
498 5612 595 5686 seipso
609 5611 756 5683 contueri,
766 5627 855 5685 qnam
867 5611 897 5670 iu
909 5614 999 5673 tentis
