<?xml version="1.0" encoding="UTF-8"?>
<!DOCTYPE html PUBLIC "-//W3C//DTD XHTML 1.0 Transitional//EN"
    "http://www.w3.org/TR/xhtml1/DTD/xhtml1-transitional.dtd">
<html xmlns="http://www.w3.org/1999/xhtml" xml:lang="en" lang="en">
 <head>
  <title>
</title>
<meta http-equiv="Content-Type" content="text/html;charset=utf-8" />
  <meta name='ocr-system' content='tesseract 3.04.00' />
  <meta name='ocr-capabilities' content='ocr_page ocr_carea ocr_par ocr_line ocrx_word'/>
</head>
<body>
  <div class='ocr_page' id='page_1' title='image "./patrologiaecurs119unkngoog/patrologiaecurs119unkngoog_0448.png"; bbox 0 0 3950 6034; ppageno 0'>
   <div class='ocr_carea' id='block_1_1' title="bbox 150 302 1859 386">
    <p class='ocr_par' dir='ltr' id='par_1_1' title="bbox 150 302 1859 386">
     <span class='ocr_line' id='line_1_1' title="bbox 150 302 1859 386; baseline -0.012 0"><span class='ocrx_word' id='word_1_1' title='bbox 150 322 210 386; x_wconf 80' lang='lat' dir='ltr'><strong>eti</strong></span> <span class='ocrx_word' id='word_1_2' title='bbox 651 311 891 379; x_wconf 73' lang='lat' dir='ltr'><strong>cuiuscaict</strong></span> <span class='ocrx_word' id='word_1_3' title='bbox 914 313 1093 378; x_wconf 75' lang='grc'><strong>1101111111</strong></span> <span class='ocrx_word' id='word_1_4' title='bbox 1115 310 1344 376; x_wconf 67' lang='lat' dir='ltr'><strong>lucusiani</strong></span> <span class='ocrx_word' id='word_1_5' title='bbox 1798 302 1859 366; x_wconf 59' lang='lat'><strong>8&amp;</strong></span> 
     </span>
    </p>
   </div>
   <div class='ocr_carea' id='block_1_2' title="bbox 145 437 1865 5709">
    <p class='ocr_par' dir='ltr' id='par_1_2' title="bbox 145 437 1865 2398">
     <span class='ocr_line' id='line_1_2' title="bbox 148 437 1859 528; baseline -0.011 -14"><span class='ocrx_word' id='word_1_6' title='bbox 148 457 317 515; x_wconf 88' lang='lat' dir='ltr'><strong>tortitudine</strong></span> <span class='ocrx_word' id='word_1_7' title='bbox 330 450 729 528; x_wconf 82' lang='lat' dir='ltr'><strong>quantociusiutellarerunt.</strong></span> <span class='ocrx_word' id='word_1_8' title='bbox 742 449 832 506; x_wconf 75' lang='lat' dir='ltr'><strong>Caras</strong></span> <span class='ocrx_word' id='word_1_9' title='bbox 843 467 860 505; x_wconf 96' lang='lat' dir='ltr'><strong>n</strong></span> <span class='ocrx_word' id='word_1_10' title='bbox 871 466 971 522; x_wconf 81' lang='lat' dir='ltr'><strong>imque</strong></span> <span class='ocrx_word' id='word_1_11' title='bbox 988 458 1014 524; x_wconf 66' lang='grc' dir='ltr'>Α</span> <span class='ocrx_word' id='word_1_12' title='bbox 1030 448 1109 508; x_wconf 82' lang='lat' dir='ltr'><strong>illarii</strong></span> <span class='ocrx_word' id='word_1_13' title='bbox 1126 448 1277 505; x_wconf 84' lang='lat' dir='ltr'><strong>invasisse.</strong></span> <span class='ocrx_word' id='word_1_14' title='bbox 1292 444 1469 519; x_wconf 76' lang='lat' dir='ltr'><strong>Diligentius</strong></span> <span class='ocrx_word' id='word_1_15' title='bbox 1479 440 1635 500; x_wconf 84' lang='lat' dir='ltr'><strong>resaudita</strong></span> <span class='ocrx_word' id='word_1_16' title='bbox 1645 438 1815 498; x_wconf 70' lang='lat' dir='ltr'><strong>discutitur.</strong></span> <span class='ocrx_word' id='word_1_17' title='bbox 1825 437 1859 496; x_wconf 84' lang='lat' dir='ltr'><strong>si</strong></span> 
     </span>
     <span class='ocr_line' id='line_1_3' title="bbox 145 527 1860 616; baseline -0.012 -12"><span class='ocrx_word' id='word_1_18' title='bbox 145 549 252 604; x_wconf 77' lang='lat' dir='ltr'><strong>sicera</strong></span> <span class='ocrx_word' id='word_1_19' title='bbox 265 547 402 603; x_wconf 77' lang='lat' dir='ltr'><strong>ducciam</strong></span> <span class='ocrx_word' id='word_1_20' title='bbox 423 542 561 616; x_wconf 84' lang='lat' dir='ltr'><strong>prebeat,</strong></span> <span class='ocrx_word' id='word_1_21' title='bbox 585 540 667 598; x_wconf 86' lang='lat' dir='ltr'><strong>umbo</strong></span> <span class='ocrx_word' id='word_1_22' title='bbox 694 539 726 596; x_wconf 84' lang='lat' dir='ltr'><strong>iii</strong></span> <span class='ocrx_word' id='word_1_23' title='bbox 749 545 858 611; x_wconf 75' lang='lat' dir='ltr'><strong>tauram</strong></span> <span class='ocrx_word' id='word_1_24' title='bbox 877 540 980 596; x_wconf 74' lang='lat' dir='ltr'><strong>cadunt</strong></span> <span class='ocrx_word' id='word_1_25' title='bbox 1031 536 1139 612; x_wconf 86' lang='lat' dir='ltr'><strong>aliquis</strong></span> <span class='ocrx_word' id='word_1_26' title='bbox 1154 537 1360 594; x_wconf 86' lang='lat' dir='ltr'><strong>canonicorum</strong></span> <span class='ocrx_word' id='word_1_27' title='bbox 1376 551 1408 592; x_wconf 90' lang='lat' dir='ltr'><strong>se</strong></span> <span class='ocrx_word' id='word_1_28' title='bbox 1423 527 1860 594; x_wconf 82' lang='lat' dir='ltr'><strong>hnioaiibtrabatacoueationi,</strong></span> 
     </span>
     <span class='ocr_line' id='line_1_4' title="bbox 146 621 1858 710; baseline -0.012 -17"><span class='ocrx_word' id='word_1_29' title='bbox 146 636 261 710; x_wconf 83' lang='lat' dir='ltr'><strong>(itatttt.</strong></span> <span class='ocrx_word' id='word_1_30' title='bbox 275 633 421 706; x_wconf 54' lang='lat' dir='ltr'><strong>tribalis</strong></span> <span class='ocrx_word' id='word_1_31' title='bbox 435 647 503 705; x_wconf 88' lang='lat' dir='ltr'><strong>ergo</strong></span> <span class='ocrx_word' id='word_1_32' title='bbox 514 630 638 699; x_wconf 84' lang='lat' dir='ltr'><strong>alectus,</strong></span> <span class='ocrx_word' id='word_1_33' title='bbox 654 635 756 686; x_wconf 88' lang='lat' dir='ltr'><strong>contra</strong></span> <span class='ocrx_word' id='word_1_34' title='bbox 768 635 880 685; x_wconf 88' lang='lat' dir='ltr'><strong>statuta</strong></span> <span class='ocrx_word' id='word_1_35' title='bbox 893 643 980 686; x_wconf 85' lang='lat' dir='ltr'><strong>uano·</strong></span> <span class='ocrx_word' id='word_1_36' title='bbox 1032 625 1213 701; x_wconf 76' lang='lat' dir='ltr'><strong>perquiritur</strong></span> <span class='ocrx_word' id='word_1_37' title='bbox 1223 642 1343 697; x_wconf 81' lang='lat' dir='ltr'><strong>30mnee</strong></span> <span class='ocrx_word' id='word_1_38' title='bbox 1355 641 1447 682; x_wconf 90' lang='lat' dir='ltr'><strong>unuin</strong></span> <span class='ocrx_word' id='word_1_39' title='bbox 1459 624 1599 692; x_wconf 87' lang='lat' dir='ltr'><strong>dicentes,</strong></span> <span class='ocrx_word' id='word_1_40' title='bbox 1608 622 1685 678; x_wconf 88' lang='lat' dir='ltr'><strong>idem</strong></span> <span class='ocrx_word' id='word_1_41' title='bbox 1697 621 1858 692; x_wconf 87' lang='lat' dir='ltr'><strong>sapientes,</strong></span> 
     </span>
     <span class='ocr_line' id='line_1_5' title="bbox 146 709 1859 799; baseline -0.012 -14"><span class='ocrx_word' id='word_1_42' title='bbox 146 726 320 799; x_wconf 86' lang='lat' dir='ltr'><strong>numgrada</strong></span> <span class='ocrx_word' id='word_1_43' title='bbox 332 719 980 796; x_wconf 77' lang='lat' dir='ltr'><strong>promoveturpresbyteratus;crdinatianem</strong></span> <span class='ocrx_word' id='word_1_44' title='bbox 1033 718 1207 775; x_wconf 83' lang='lat' dir='ltr'><strong>nominatim</strong></span> <span class='ocrx_word' id='word_1_45' title='bbox 1223 715 1453 774; x_wconf 89' lang='lat' dir='ltr'><strong>subscribuntur</strong></span> <span class='ocrx_word' id='word_1_46' title='bbox 1466 731 1475 783; x_wconf 71' lang='grc' dir='ltr'>ς</span> <span class='ocrx_word' id='word_1_47' title='bbox 1490 721 1595 771; x_wconf 86' lang='lat' dir='ltr'><strong>cuncta</strong></span> <span class='ocrx_word' id='word_1_48' title='bbox 1609 713 1639 767; x_wconf 93' lang='lat' dir='ltr'><strong>in</strong></span> <span class='ocrx_word' id='word_1_49' title='bbox 1654 709 1755 768; x_wconf 87' lang='lat' dir='ltr'><strong>damni</strong></span> <span class='ocrx_word' id='word_1_50' title='bbox 1771 726 1859 779; x_wconf 89' lang='lat' dir='ltr'><strong>apas-</strong></span> 
     </span>
     <span class='ocr_line' id='line_1_6' title="bbox 149 798 1861 891; baseline -0.011 -18"><span class='ocrx_word' id='word_1_51' title='bbox 149 816 338 891; x_wconf 82' lang='lat' dir='ltr'><strong>puntideatus</strong></span> <span class='ocrx_word' id='word_1_52' title='bbox 353 830 410 870; x_wconf 93' lang='lat' dir='ltr'><strong>nun</strong></span> <span class='ocrx_word' id='word_1_53' title='bbox 435 813 598 886; x_wconf 87' lang='lat' dir='ltr'><strong>incongruo</strong></span> <span class='ocrx_word' id='word_1_54' title='bbox 624 827 742 867; x_wconf 87' lang='lat' dir='ltr'><strong>accessu</strong></span> <span class='ocrx_word' id='word_1_55' title='bbox 769 810 873 867; x_wconf 85' lang='lat' dir='ltr'><strong>amodo</strong></span> <span class='ocrx_word' id='word_1_56' title='bbox 898 809 980 867; x_wconf 92' lang='lat' dir='ltr'><strong>subi·</strong></span> <span class='ocrx_word' id='word_1_57' title='bbox 1033 806 1111 865; x_wconf 89' lang='lat' dir='ltr'><strong>tuliui</strong></span> <span class='ocrx_word' id='word_1_58' title='bbox 1129 806 1282 878; x_wconf 78' lang='lat' dir='ltr'><strong>presentia</strong></span> <span class='ocrx_word' id='word_1_59' title='bbox 1297 798 1861 875; x_wconf 70' lang='lat' dir='ltr'><strong>fintenuediiiaruntni.Synodaaaitti·</strong></span> 
     </span>
     <span class='ocr_line' id='line_1_7' title="bbox 152 887 1860 976; baseline -0.012 -12"><span class='ocrx_word' id='word_1_60' title='bbox 152 912 248 964; x_wconf 87' lang='lat' dir='ltr'><strong>turus.</strong></span> <span class='ocrx_word' id='word_1_61' title='bbox 263 904 293 960; x_wconf 88' lang='lat' dir='ltr'><strong>si</strong></span> <span class='ocrx_word' id='word_1_62' title='bbox 309 904 426 976; x_wconf 85' lang='lat' dir='ltr'><strong>quidam</strong></span> <span class='ocrx_word' id='word_1_63' title='bbox 443 903 478 958; x_wconf 92' lang='lat' dir='ltr'><strong>ab</strong></span> <span class='ocrx_word' id='word_1_64' title='bbox 495 904 632 974; x_wconf 87' lang='lat' dir='ltr'><strong>episcopa</strong></span> <span class='ocrx_word' id='word_1_65' title='bbox 643 899 833 971; x_wconf 79' lang='lat' dir='ltr'><strong>Aquileiensi,</strong></span> <span class='ocrx_word' id='word_1_66' title='bbox 845 897 895 970; x_wconf 89' lang='lat' dir='ltr'><strong>qui</strong></span> <span class='ocrx_word' id='word_1_67' title='bbox 907 898 981 956; x_wconf 88' lang='lat' dir='ltr'><strong>abu·</strong></span> <span class='ocrx_word' id='word_1_68' title='bbox 1031 895 1462 970; x_wconf 86' lang='lat' dir='ltr'><strong>giturWarstaileniia,adsunt</strong></span> <span class='ocrx_word' id='word_1_69' title='bbox 1472 909 1600 951; x_wconf 89' lang='lat' dir='ltr'><strong>aumsuc</strong></span> <span class='ocrx_word' id='word_1_70' title='bbox 1608 891 1749 962; x_wconf 75' lang='lat' dir='ltr'><strong>Episcopo</strong></span> <span class='ocrx_word' id='word_1_71' title='bbox 1760 887 1860 945; x_wconf 88' lang='lat' dir='ltr'><strong>nuntii</strong></span> 
     </span>
     <span class='ocr_line' id='line_1_8' title="bbox 151 977 1857 1066; baseline -0.012 -13"><span class='ocrx_word' id='word_1_72' title='bbox 151 996 213 1054; x_wconf 80' lang='lat' dir='ltr'><strong>siae</strong></span> <span class='ocrx_word' id='word_1_73' title='bbox 229 992 396 1066; x_wconf 79' lang='lat' dir='ltr'><strong>patriarcba</strong></span> <span class='ocrx_word' id='word_1_74' title='bbox 411 997 542 1057; x_wconf 83' lang='lat' dir='ltr'><strong>voratur,</strong></span> <span class='ocrx_word' id='word_1_75' title='bbox 558 991 613 1047; x_wconf 88' lang='lat' dir='ltr'><strong>sub</strong></span> <span class='ocrx_word' id='word_1_76' title='bbox 634 989 722 1063; x_wconf 93' lang='lat' dir='ltr'><strong>pallio</strong></span> <span class='ocrx_word' id='word_1_77' title='bbox 734 988 860 1045; x_wconf 85' lang='lat' dir='ltr'><strong>Wibsrti</strong></span> <span class='ocrx_word' id='word_1_78' title='bbox 888 987 981 1046; x_wconf 78' lang='lat' dir='ltr'><strong>hera·</strong></span> <span class='ocrx_word' id='word_1_79' title='bbox 1030 986 1165 1043; x_wconf 75' lang='lat' dir='ltr'><strong>Euoleeiai</strong></span> <span class='ocrx_word' id='word_1_80' title='bbox 1182 984 1490 1056; x_wconf 64' lang='lat' dir='ltr'><strong>inquirendarum</strong></span> <span class='ocrx_word' id='word_1_81' title='bbox 1506 983 1699 1055; x_wconf 84' lang='lat' dir='ltr'><strong>legatusque</strong></span> <span class='ocrx_word' id='word_1_82' title='bbox 1721 977 1857 1047; x_wconf 83' lang='lat' dir='ltr'><strong>audierit,</strong></span> 
     </span>
     <span class='ocr_line' id='line_1_9' title="bbox 152 1071 1860 1155; baseline -0.011 -13"><span class='ocrx_word' id='word_1_83' title='bbox 152 1084 284 1151; x_wconf 84' lang='lat' dir='ltr'><strong>siarrbie,</strong></span> <span class='ocrx_word' id='word_1_84' title='bbox 300 1080 461 1155; x_wconf 82' lang='lat' dir='ltr'><strong>premissis</strong></span> <span class='ocrx_word' id='word_1_85' title='bbox 476 1080 591 1137; x_wconf 87' lang='lat' dir='ltr'><strong>duobus</strong></span> <span class='ocrx_word' id='word_1_86' title='bbox 611 1079 790 1149; x_wconf 85' lang='lat' dir='ltr'><strong>juramentis</strong></span> <span class='ocrx_word' id='word_1_87' title='bbox 814 1077 980 1134; x_wconf 83' lang='lat' dir='ltr'><strong>ordinatur·</strong></span> <span class='ocrx_word' id='word_1_88' title='bbox 1028 1075 1190 1147; x_wconf 85' lang='lat' dir='ltr'><strong>qualiterve</strong></span> <span class='ocrx_word' id='word_1_89' title='bbox 1205 1077 1306 1132; x_wconf 89' lang='lat' dir='ltr'><strong>audita</strong></span> <span class='ocrx_word' id='word_1_90' title='bbox 1322 1072 1479 1139; x_wconf 84' lang='lat' dir='ltr'><strong>distulerit,</strong></span> <span class='ocrx_word' id='word_1_91' title='bbox 1496 1071 1600 1129; x_wconf 84' lang='lat' dir='ltr'><strong>idonea</strong></span> <span class='ocrx_word' id='word_1_92' title='bbox 1620 1071 1744 1127; x_wconf 79' lang='lat' dir='ltr'><strong>iteratur</strong></span> <span class='ocrx_word' id='word_1_93' title='bbox 1767 1083 1860 1124; x_wconf 81' lang='lat' dir='ltr'><strong>accii-</strong></span> 
     </span>
     <span class='ocr_line' id='line_1_10' title="bbox 153 1150 1858 1239; baseline -0.009 -9"><span class='ocrx_word' id='word_1_94' title='bbox 153 1175 225 1230; x_wconf 84' lang='lat' dir='ltr'><strong>Cum</strong></span> <span class='ocrx_word' id='word_1_95' title='bbox 240 1173 317 1229; x_wconf 90' lang='lat' dir='ltr'><strong>enim</strong></span> <span class='ocrx_word' id='word_1_96' title='bbox 343 1171 527 1227; x_wconf 84' lang='lat' dir='ltr'><strong>ordinandus</strong></span> <span class='ocrx_word' id='word_1_97' title='bbox 547 1186 579 1225; x_wconf 86' lang='lat' dir='ltr'><strong>ee</strong></span> <span class='ocrx_word' id='word_1_98' title='bbox 605 1169 753 1225; x_wconf 88' lang='lat' dir='ltr'><strong>licentiam</strong></span> <span class='ocrx_word' id='word_1_99' title='bbox 778 1167 909 1239; x_wconf 75' lang='lat' dir='ltr'><strong>magistri</strong></span> <span class='ocrx_word' id='word_1_100' title='bbox 934 1150 981 1222; x_wconf 85' lang='lat' dir='ltr'><strong>sui</strong></span> <span class='ocrx_word' id='word_1_101' title='bbox 1031 1167 1126 1234; x_wconf 77' lang='lat' dir='ltr'><strong>sati03</strong></span> <span class='ocrx_word' id='word_1_102' title='bbox 1143 1163 1224 1221; x_wconf 86' lang='lat' dir='ltr'><strong>nulia</strong></span> <span class='ocrx_word' id='word_1_103' title='bbox 1238 1162 1432 1238; x_wconf 82' lang='lat' dir='ltr'><strong>pretenditur</strong></span> <span class='ocrx_word' id='word_1_104' title='bbox 1446 1160 1606 1228; x_wconf 70' lang='lat' dir='ltr'><strong>excusatio,</strong></span> <span class='ocrx_word' id='word_1_105' title='bbox 1618 1157 1749 1216; x_wconf 86' lang='lat' dir='ltr'><strong>iaciieeb</strong></span> <span class='ocrx_word' id='word_1_106' title='bbox 1761 1158 1858 1214; x_wconf 87' lang='lat' dir='ltr'><strong>omni·</strong></span> 
     </span>
     <span class='ocr_line' id='line_1_11' title="bbox 153 1245 1859 1331; baseline -0.01 -12"><span class='ocrx_word' id='word_1_107' title='bbox 153 1254 981 1331; x_wconf 79' lang='lat' dir='ltr'><strong>Murgantieosiaarahiepisecpihujusmodiconsscriitiu·</strong></span> <span class='ocrx_word' id='word_1_108' title='bbox 1034 1254 1089 1310; x_wconf 90' lang='lat' dir='ltr'><strong>bue</strong></span> <span class='ocrx_word' id='word_1_109' title='bbox 1099 1254 1292 1309; x_wconf 85' lang='lat' dir='ltr'><strong>concordatur</strong></span> <span class='ocrx_word' id='word_1_110' title='bbox 1302 1257 1333 1308; x_wconf 91' lang='lat' dir='ltr'><strong>ut</strong></span> <span class='ocrx_word' id='word_1_111' title='bbox 1345 1252 1414 1308; x_wconf 89' lang='lat' dir='ltr'><strong>talis</strong></span> <span class='ocrx_word' id='word_1_112' title='bbox 1424 1250 1764 1323; x_wconf 87' lang='lat' dir='ltr'><strong>episcopusdeponatur.</strong></span> <span class='ocrx_word' id='word_1_113' title='bbox 1776 1245 1859 1315; x_wconf 83' lang='lat' dir='ltr'><strong>Quod</strong></span> 
     </span>
     <span class='ocr_line' id='line_1_12' title="bbox 152 1335 1861 1423; baseline -0.009 -15"><span class='ocrx_word' id='word_1_114' title='bbox 152 1353 198 1409; x_wconf 89' lang='lat' dir='ltr'><strong>nir</strong></span> <span class='ocrx_word' id='word_1_115' title='bbox 213 1349 361 1423; x_wconf 80' lang='lat' dir='ltr'><strong>accepisse</strong></span> <span class='ocrx_word' id='word_1_116' title='bbox 376 1350 525 1416; x_wconf 77' lang='lat' dir='ltr'><strong>tutaretur,</strong></span> <span class='ocrx_word' id='word_1_117' title='bbox 534 1364 586 1403; x_wconf 86' lang='lat' dir='ltr'><strong>nea</strong></span> <span class='ocrx_word' id='word_1_118' title='bbox 602 1348 691 1402; x_wconf 85' lang='lat' dir='ltr'><strong>nudis</strong></span> <span class='ocrx_word' id='word_1_119' title='bbox 704 1348 800 1402; x_wconf 72' lang='lat' dir='ltr'><strong>tarbis</strong></span> <span class='ocrx_word' id='word_1_120' title='bbox 810 1347 848 1401; x_wconf 89' lang='lat' dir='ltr'><strong>ab</strong></span> <span class='ocrx_word' id='word_1_121' title='bbox 861 1346 980 1401; x_wconf 89' lang='lat' dir='ltr'><strong>ordina·</strong></span> <span class='ocrx_word' id='word_1_122' title='bbox 1033 1349 1062 1401; x_wconf 93' lang='lat' dir='ltr'><strong>et</strong></span> <span class='ocrx_word' id='word_1_123' title='bbox 1072 1344 1181 1400; x_wconf 85' lang='lat' dir='ltr'><strong>iactum</strong></span> <span class='ocrx_word' id='word_1_124' title='bbox 1191 1342 1305 1412; x_wconf 73' lang='lat' dir='ltr'><strong>fuisset,</strong></span> <span class='ocrx_word' id='word_1_125' title='bbox 1317 1341 1343 1398; x_wconf 89' lang='lat' dir='ltr'><strong>si</strong></span> <span class='ocrx_word' id='word_1_126' title='bbox 1354 1357 1411 1397; x_wconf 89' lang='lat' dir='ltr'><strong>nou</strong></span> <span class='ocrx_word' id='word_1_127' title='bbox 1422 1339 1612 1396; x_wconf 75' lang='lat' dir='ltr'><strong>babebardus</strong></span> <span class='ocrx_word' id='word_1_128' title='bbox 1623 1335 1861 1395; x_wconf 81' lang='lat' dir='ltr'><strong>constantiensis</strong></span> 
     </span>
     <span class='ocr_line' id='line_1_13' title="bbox 152 1427 1861 1508; baseline -0.009 -11"><span class='ocrx_word' id='word_1_129' title='bbox 152 1449 212 1497; x_wconf 90' lang='lat' dir='ltr'><strong>tore</strong></span> <span class='ocrx_word' id='word_1_130' title='bbox 226 1439 281 1496; x_wconf 81' lang='lat' dir='ltr'><strong>etsi</strong></span> <span class='ocrx_word' id='word_1_131' title='bbox 294 1456 311 1494; x_wconf 89' lang='lat' dir='ltr'><strong>ii</strong></span> <span class='ocrx_word' id='word_1_132' title='bbox 325 1440 441 1496; x_wconf 87' lang='lat' dir='ltr'><strong>duobus</strong></span> <span class='ocrx_word' id='word_1_133' title='bbox 457 1436 629 1508; x_wconf 80' lang='lat' dir='ltr'><strong>apostolicis</strong></span> <span class='ocrx_word' id='word_1_134' title='bbox 643 1436 908 1502; x_wconf 82' lang='lat' dir='ltr'><strong>excommunicetu,</strong></span> <span class='ocrx_word' id='word_1_135' title='bbox 925 1437 979 1489; x_wconf 89' lang='lat' dir='ltr'><strong>Ur·</strong></span> <span class='ocrx_word' id='word_1_136' title='bbox 1033 1432 1062 1488; x_wconf 87' lang='lat' dir='ltr'><strong>iii</strong></span> <span class='ocrx_word' id='word_1_137' title='bbox 1079 1431 1206 1489; x_wconf 78' lang='lat' dir='ltr'><strong>Ecclesia</strong></span> <span class='ocrx_word' id='word_1_138' title='bbox 1221 1430 1399 1503; x_wconf 73' lang='lat' dir='ltr'><strong>augustensi</strong></span> <span class='ocrx_word' id='word_1_139' title='bbox 1416 1430 1470 1486; x_wconf 88' lang='lat' dir='ltr'><strong>buu</strong></span> <span class='ocrx_word' id='word_1_140' title='bbox 1483 1431 1649 1486; x_wconf 86' lang='lat' dir='ltr'><strong>laciendum</strong></span> <span class='ocrx_word' id='word_1_141' title='bbox 1662 1427 1861 1499; x_wconf 84' lang='lat' dir='ltr'><strong>persuasisset</strong></span> 
     </span>
     <span class='ocr_line' id='line_1_14' title="bbox 150 1514 1863 1598; baseline -0.008 -14"><span class='ocrx_word' id='word_1_142' title='bbox 150 1527 345 1585; x_wconf 85' lang='lat' dir='ltr'><strong>banoauiliaet</strong></span> <span class='ocrx_word' id='word_1_143' title='bbox 354 1522 980 1598; x_wconf 64' lang='lat' dir='ltr'><strong>atqueGregoriocraderetui·ministerialis</strong></span> <span class='ocrx_word' id='word_1_144' title='bbox 1033 1526 1073 1579; x_wconf 84' lang='lat' dir='ltr'><strong>Eo</strong></span> <span class='ocrx_word' id='word_1_145' title='bbox 1083 1540 1210 1595; x_wconf 83' lang='lat' dir='ltr'><strong>numqua</strong></span> <span class='ocrx_word' id='word_1_146' title='bbox 1225 1527 1357 1595; x_wconf 86' lang='lat' dir='ltr'><strong>tempore</strong></span> <span class='ocrx_word' id='word_1_147' title='bbox 1369 1521 1476 1578; x_wconf 86' lang='lat' dir='ltr'><strong>dumus</strong></span> <span class='ocrx_word' id='word_1_148' title='bbox 1487 1534 1563 1591; x_wconf 89' lang='lat' dir='ltr'><strong>papa</strong></span> <span class='ocrx_word' id='word_1_149' title='bbox 1571 1515 1767 1575; x_wconf 81' lang='lat' dir='ltr'><strong>Teutonicum</strong></span> <span class='ocrx_word' id='word_1_150' title='bbox 1779 1514 1863 1572; x_wconf 83' lang='lat' dir='ltr'><strong>adira</strong></span> 
     </span>
     <span class='ocr_line' id='line_1_15' title="bbox 150 1605 1861 1686; baseline -0.006 -15"><span class='ocrx_word' id='word_1_151' title='bbox 150 1631 186 1672; x_wconf 80' lang='lat' dir='ltr'><strong>ex</strong></span> <span class='ocrx_word' id='word_1_152' title='bbox 200 1614 304 1686; x_wconf 87' lang='lat' dir='ltr'><strong>potiori</strong></span> <span class='ocrx_word' id='word_1_153' title='bbox 316 1615 425 1670; x_wconf 82' lang='lat' dir='ltr'><strong>inmitia</strong></span> <span class='ocrx_word' id='word_1_154' title='bbox 439 1616 527 1669; x_wconf 79' lang='lat' dir='ltr'><strong>beate</strong></span> <span class='ocrx_word' id='word_1_155' title='bbox 538 1612 647 1680; x_wconf 78' lang='lat' dir='ltr'><strong>Marias,</strong></span> <span class='ocrx_word' id='word_1_156' title='bbox 661 1614 711 1685; x_wconf 91' lang='lat' dir='ltr'><strong>qui</strong></span> <span class='ocrx_word' id='word_1_157' title='bbox 726 1614 780 1670; x_wconf 88' lang='lat' dir='ltr'><strong>boo</strong></span> <span class='ocrx_word' id='word_1_158' title='bbox 793 1617 978 1669; x_wconf 82' lang='lat' dir='ltr'><strong>sacramento</strong></span> <span class='ocrx_word' id='word_1_159' title='bbox 1033 1616 1224 1685; x_wconf 80' lang='lat' dir='ltr'><strong>proposuerat</strong></span> <span class='ocrx_word' id='word_1_160' title='bbox 1240 1626 1370 1676; x_wconf 75' lang='lat' dir='ltr'><strong>ragnum,</strong></span> <span class='ocrx_word' id='word_1_161' title='bbox 1387 1609 1465 1682; x_wconf 90' lang='lat' dir='ltr'><strong>quud</strong></span> <span class='ocrx_word' id='word_1_162' title='bbox 1481 1608 1510 1663; x_wconf 93' lang='lat' dir='ltr'><strong>in</strong></span> <span class='ocrx_word' id='word_1_163' title='bbox 1527 1607 1643 1663; x_wconf 88' lang='lat' dir='ltr'><strong>ruinam</strong></span> <span class='ocrx_word' id='word_1_164' title='bbox 1660 1605 1799 1680; x_wconf 85' lang='lat' dir='ltr'><strong>perticere</strong></span> <span class='ocrx_word' id='word_1_165' title='bbox 1810 1619 1861 1661; x_wconf 92' lang='lat' dir='ltr'><strong>ne·</strong></span> 
     </span>
     <span class='ocr_line' id='line_1_16' title="bbox 152 1696 1861 1778; baseline -0.007 -19"><span class='ocrx_word' id='word_1_166' title='bbox 152 1705 298 1778; x_wconf 87' lang='lat' dir='ltr'><strong>probarat,</strong></span> <span class='ocrx_word' id='word_1_167' title='bbox 314 1703 482 1775; x_wconf 83' lang='lat' dir='ltr'><strong>inquiritur.</strong></span> <span class='ocrx_word' id='word_1_168' title='bbox 498 1707 560 1768; x_wconf 76' lang='lat' dir='ltr'><strong>ttiiu</strong></span> <span class='ocrx_word' id='word_1_169' title='bbox 575 1719 630 1757; x_wconf 90' lang='lat' dir='ltr'><strong>nori</strong></span> <span class='ocrx_word' id='word_1_170' title='bbox 657 1703 785 1770; x_wconf 87' lang='lat' dir='ltr'><strong>invento,</strong></span> <span class='ocrx_word' id='word_1_171' title='bbox 807 1701 979 1757; x_wconf 88' lang='lat' dir='ltr'><strong>tributarius</strong></span> <span class='ocrx_word' id='word_1_172' title='bbox 1032 1701 1125 1773; x_wconf 83' lang='lat' dir='ltr'><strong>quivit</strong></span> <span class='ocrx_word' id='word_1_173' title='bbox 1149 1699 1317 1757; x_wconf 83' lang='lat' dir='ltr'><strong>multarum.</strong></span> <span class='ocrx_word' id='word_1_174' title='bbox 1344 1703 1364 1755; x_wconf 84' lang='grc' dir='ltr'><strong>Δ</strong></span> <span class='ocrx_word' id='word_1_175' title='bbox 1387 1696 1546 1771; x_wconf 83' lang='lat' dir='ltr'><strong>pontificali</strong></span> <span class='ocrx_word' id='word_1_176' title='bbox 1571 1701 1670 1751; x_wconf 69' lang='lat' dir='ltr'><strong>tamen</strong></span> <span class='ocrx_word' id='word_1_177' title='bbox 1695 1706 1861 1766; x_wconf 83' lang='lat' dir='ltr'><strong>suspensus</strong></span> 
     </span>
     <span class='ocr_line' id='line_1_17' title="bbox 153 1781 1861 1866; baseline -0.007 -17"><span class='ocrx_word' id='word_1_178' title='bbox 153 1792 273 1866; x_wconf 74' lang='lat' dir='ltr'><strong>quidam</strong></span> <span class='ocrx_word' id='word_1_179' title='bbox 295 1809 330 1848; x_wconf 83' lang='lat' dir='ltr'><strong>eii</strong></span> <span class='ocrx_word' id='word_1_180' title='bbox 353 1793 454 1850; x_wconf 83' lang='lat' dir='ltr'><strong>eadem</strong></span> <span class='ocrx_word' id='word_1_181' title='bbox 481 1790 603 1858; x_wconf 75' lang='lat' dir='ltr'><strong>familia,</strong></span> <span class='ocrx_word' id='word_1_182' title='bbox 628 1791 698 1846; x_wconf 82' lang='lat' dir='ltr'><strong>bero</strong></span> <span class='ocrx_word' id='word_1_183' title='bbox 726 1791 830 1859; x_wconf 84' lang='lat' dir='ltr'><strong>diulus,</strong></span> <span class='ocrx_word' id='word_1_184' title='bbox 855 1790 975 1863; x_wconf 90' lang='lat' dir='ltr'><strong>optimis</strong></span> <span class='ocrx_word' id='word_1_185' title='bbox 1032 1781 1861 1860; x_wconf 79' lang='lat' dir='ltr'><strong>uissiriueemiapiscupuaregreditur.&#39;i&#39;erminuabuicrsi</strong></span> 
     </span>
     <span class='ocr_line' id='line_1_18' title="bbox 152 1841 1858 1952; baseline -0.005 -15"><span class='ocrx_word' id='word_1_186' title='bbox 152 1881 284 1939; x_wconf 77' lang='lat' dir='ltr'><strong>induitur</strong></span> <span class='ocrx_word' id='word_1_187' title='bbox 298 1881 437 1950; x_wconf 82' lang='lat' dir='ltr'><strong>vestibus,</strong></span> <span class='ocrx_word' id='word_1_188' title='bbox 449 1885 478 1936; x_wconf 91' lang='lat' dir='ltr'><strong>ut</strong></span> <span class='ocrx_word' id='word_1_189' title='bbox 492 1881 587 1952; x_wconf 90' lang='lat' dir='ltr'><strong>prima</strong></span> <span class='ocrx_word' id='word_1_190' title='bbox 602 1895 634 1936; x_wconf 92' lang='lat' dir='ltr'><strong>ee</strong></span> <span class='ocrx_word' id='word_1_191' title='bbox 649 1879 869 1936; x_wconf 75' lang='lat' dir='ltr'><strong>ministerialem</strong></span> <span class='ocrx_word' id='word_1_192' title='bbox 894 1878 972 1936; x_wconf 88' lang='lat' dir='ltr'><strong>inili-</strong></span> <span class='ocrx_word' id='word_1_193' title='bbox 989 1841 1015 1909; x_wconf 73' lang='grc' dir='ltr'><strong>Β</strong></span> <span class='ocrx_word' id='word_1_194' title='bbox 1031 1880 1164 1937; x_wconf 79' lang='lat' dir='ltr'><strong>linieuda</strong></span> <span class='ocrx_word' id='word_1_195' title='bbox 1179 1878 1522 1949; x_wconf 84' lang='lat' dir='ltr'><strong>constituitur.Aiigusts</strong></span> <span class='ocrx_word' id='word_1_196' title='bbox 1533 1874 1794 1932; x_wconf 80' lang='lat' dir='ltr'><strong>cuiliberationam</strong></span> <span class='ocrx_word' id='word_1_197' title='bbox 1804 1871 1858 1929; x_wconf 92' lang='lat' dir='ltr'><strong>dc·</strong></span> 
     </span>
     <span class='ocr_line' id='line_1_19' title="bbox 150 1962 1862 2043; baseline -0.006 -15"><span class='ocrx_word' id='word_1_198' title='bbox 150 1975 219 2040; x_wconf 88' lang='lat' dir='ltr'><strong>tem,</strong></span> <span class='ocrx_word' id='word_1_199' title='bbox 236 1975 267 2026; x_wconf 91' lang='lat' dir='ltr'><strong>ut</strong></span> <span class='ocrx_word' id='word_1_200' title='bbox 283 1976 353 2043; x_wconf 83' lang='lat' dir='ltr'><strong>piita</strong></span> <span class='ocrx_word' id='word_1_201' title='bbox 368 1969 418 2042; x_wconf 85' lang='lat' dir='ltr'><strong>qui</strong></span> <span class='ocrx_word' id='word_1_202' title='bbox 433 1976 495 2026; x_wconf 85' lang='lat' dir='ltr'><strong>erat</strong></span> <span class='ocrx_word' id='word_1_203' title='bbox 508 1970 629 2042; x_wconf 83' lang='lat' dir='ltr'><strong>grandis</strong></span> <span class='ocrx_word' id='word_1_204' title='bbox 653 1974 784 2036; x_wconf 80' lang='lat' dir='ltr'><strong>statura,</strong></span> <span class='ocrx_word' id='word_1_205' title='bbox 805 1970 975 2040; x_wconf 73' lang='lat' dir='ltr'><strong>iuramento</strong></span> <span class='ocrx_word' id='word_1_206' title='bbox 1031 1968 1296 2040; x_wconf 87' lang='lat' dir='ltr'><strong>lensprasstulatur,</strong></span> <span class='ocrx_word' id='word_1_207' title='bbox 1307 1967 1417 2024; x_wconf 89' lang='lat' dir='ltr'><strong>damin</strong></span> <span class='ocrx_word' id='word_1_208' title='bbox 1428 1963 1641 2037; x_wconf 82' lang='lat' dir='ltr'><strong>spsapcstuliui</strong></span> <span class='ocrx_word' id='word_1_209' title='bbox 1654 1962 1862 2020; x_wconf 80' lang='lat' dir='ltr'><strong>adventusde·</strong></span> 
     </span>
     <span class='ocr_line' id='line_1_20' title="bbox 151 2051 1865 2128; baseline -0.006 -11"><span class='ocrx_word' id='word_1_210' title='bbox 151 2061 303 2127; x_wconf 83' lang='lat' dir='ltr'><strong>confluxit,</strong></span> <span class='ocrx_word' id='word_1_211' title='bbox 320 2059 612 2117; x_wconf 67' lang='lat' dir='ltr'><strong>muudodaminum</strong></span> <span class='ocrx_word' id='word_1_212' title='bbox 625 2075 712 2114; x_wconf 88' lang='lat' dir='ltr'><strong>auum</strong></span> <span class='ocrx_word' id='word_1_213' title='bbox 724 2057 872 2114; x_wconf 88' lang='lat' dir='ltr'><strong>licentiam</strong></span> <span class='ocrx_word' id='word_1_214' title='bbox 883 2058 976 2115; x_wconf 85' lang='lat' dir='ltr'><strong>arabi·</strong></span> <span class='ocrx_word' id='word_1_215' title='bbox 1031 2058 1194 2124; x_wconf 77' lang='lat' dir='ltr'><strong>fraudatur,</strong></span> <span class='ocrx_word' id='word_1_216' title='bbox 1210 2057 1346 2128; x_wconf 79' lang='lat' dir='ltr'><strong>intraque</strong></span> <span class='ocrx_word' id='word_1_217' title='bbox 1360 2054 1469 2112; x_wconf 82' lang='lat' dir='ltr'><strong>scilieet</strong></span> <span class='ocrx_word' id='word_1_218' title='bbox 1486 2055 1645 2110; x_wconf 84' lang='lat' dir='ltr'><strong>terminum</strong></span> <span class='ocrx_word' id='word_1_219' title='bbox 1661 2051 1865 2125; x_wconf 88' lang='lat' dir='ltr'><strong>idemepisco·</strong></span> 
     </span>
     <span class='ocr_line' id='line_1_21' title="bbox 151 2140 1865 2224; baseline -0.007 -17"><span class='ocrx_word' id='word_1_220' title='bbox 151 2149 293 2224; x_wconf 84' lang='lat' dir='ltr'><strong>episcopi,</strong></span> <span class='ocrx_word' id='word_1_221' title='bbox 304 2148 553 2206; x_wconf 70' lang='lat' dir='ltr'><strong>memorationem</strong></span> <span class='ocrx_word' id='word_1_222' title='bbox 569 2147 729 2217; x_wconf 84' lang='lat' dir='ltr'><strong>arripiendi</strong></span> <span class='ocrx_word' id='word_1_223' title='bbox 745 2148 862 2216; x_wconf 84' lang='lat' dir='ltr'><strong>babere,</strong></span> <span class='ocrx_word' id='word_1_224' title='bbox 888 2148 976 2204; x_wconf 86' lang='lat' dir='ltr'><strong>sicuti</strong></span> <span class='ocrx_word' id='word_1_225' title='bbox 1032 2163 1097 2219; x_wconf 88' lang='lat' dir='ltr'><strong>puri,</strong></span> <span class='ocrx_word' id='word_1_226' title='bbox 1114 2162 1166 2218; x_wconf 92' lang='lat' dir='ltr'><strong>pro</strong></span> <span class='ocrx_word' id='word_1_227' title='bbox 1182 2145 1327 2204; x_wconf 84' lang='lat' dir='ltr'><strong>interdiuti</strong></span> <span class='ocrx_word' id='word_1_228' title='bbox 1341 2142 1525 2202; x_wconf 72' lang='lat' dir='ltr'><strong>restitutione</strong></span> <span class='ocrx_word' id='word_1_229' title='bbox 1540 2141 1639 2212; x_wconf 81' lang='lat' dir='ltr'><strong>uitiati,</strong></span> <span class='ocrx_word' id='word_1_230' title='bbox 1667 2140 1865 2215; x_wconf 82' lang='lat' dir='ltr'><strong>apostolieum</strong></span> 
     </span>
     <span class='ocr_line' id='line_1_22' title="bbox 150 2231 1862 2312; baseline -0.003 -18"><span class='ocrx_word' id='word_1_231' title='bbox 150 2240 214 2312; x_wconf 89' lang='lat' dir='ltr'><strong>ipse</strong></span> <span class='ocrx_word' id='word_1_232' title='bbox 233 2239 271 2296; x_wconf 89' lang='lat' dir='ltr'><strong>ad</strong></span> <span class='ocrx_word' id='word_1_233' title='bbox 294 2238 513 2295; x_wconf 79' lang='lat' dir='ltr'><strong>conversionem</strong></span> <span class='ocrx_word' id='word_1_234' title='bbox 537 2234 724 2308; x_wconf 80' lang='lat' dir='ltr'><strong>postmodum</strong></span> <span class='ocrx_word' id='word_1_235' title='bbox 746 2240 866 2292; x_wconf 84' lang='lat' dir='ltr'><strong>venians</strong></span> <span class='ocrx_word' id='word_1_236' title='bbox 891 2234 976 2293; x_wconf 84' lang='lat' dir='ltr'><strong>uubis</strong></span> <span class='ocrx_word' id='word_1_237' title='bbox 1031 2237 1130 2301; x_wconf 83' lang='lat' dir='ltr'><strong>adivit,</strong></span> <span class='ocrx_word' id='word_1_238' title='bbox 1148 2238 1200 2295; x_wconf 89' lang='lat' dir='ltr'><strong>sad</strong></span> <span class='ocrx_word' id='word_1_239' title='bbox 1213 2239 1327 2296; x_wconf 86' lang='lat' dir='ltr'><strong>litteras</strong></span> <span class='ocrx_word' id='word_1_240' title='bbox 1343 2236 1380 2293; x_wconf 88' lang='lat' dir='ltr'><strong>ab</strong></span> <span class='ocrx_word' id='word_1_241' title='bbox 1395 2252 1429 2292; x_wconf 87' lang='lat' dir='ltr'><strong>so</strong></span> <span class='ocrx_word' id='word_1_242' title='bbox 1443 2236 1522 2293; x_wconf 88' lang='lat' dir='ltr'><strong>bunc</strong></span> <span class='ocrx_word' id='word_1_243' title='bbox 1538 2235 1568 2291; x_wconf 91' lang='lat' dir='ltr'><strong>in</strong></span> <span class='ocrx_word' id='word_1_244' title='bbox 1585 2235 1706 2291; x_wconf 90' lang='lat' dir='ltr'><strong>mudum</strong></span> <span class='ocrx_word' id='word_1_245' title='bbox 1718 2249 1751 2291; x_wconf 89' lang='lat' dir='ltr'><strong>es</strong></span> <span class='ocrx_word' id='word_1_246' title='bbox 1765 2231 1862 2290; x_wconf 71' lang='lat' dir='ltr'><strong>cunb-</strong></span> 
     </span>
     <span class='ocr_line' id='line_1_23' title="bbox 152 2325 1279 2398; baseline 0.002 -14"><span class='ocrx_word' id='word_1_247' title='bbox 152 2326 263 2395; x_wconf 90' lang='lat' dir='ltr'><strong>retuiit,</strong></span> <span class='ocrx_word' id='word_1_248' title='bbox 278 2333 398 2383; x_wconf 85' lang='lat' dir='ltr'><strong>coactus</strong></span> <span class='ocrx_word' id='word_1_249' title='bbox 414 2325 527 2383; x_wconf 79' lang='lat' dir='ltr'><strong>letaldi.</strong></span> <span class='ocrx_word' id='word_1_250' title='bbox 1031 2333 1135 2385; x_wconf 85' lang='lat' dir='ltr'><strong>nentes</strong></span> <span class='ocrx_word' id='word_1_251' title='bbox 1155 2327 1279 2398; x_wconf 84' lang='lat' dir='ltr'><strong>aeuepit.</strong></span> 
     </span>
    </p>

    <p class='ocr_par' dir='ltr' id='par_1_3' title="bbox 149 2410 1864 3379">
     <span class='ocr_line' id='line_1_24' title="bbox 186 2410 1864 2488; baseline -0.004 -15"><span class='ocrx_word' id='word_1_252' title='bbox 186 2416 256 2473; x_wconf 80' lang='lat' dir='ltr'><strong>xvii</strong></span> <span class='ocrx_word' id='word_1_253' title='bbox 268 2415 648 2488; x_wconf 65' lang='lat' dir='ltr'><strong>dtiiaropoturaupaeieeseiu</strong></span> <span class='ocrx_word' id='word_1_254' title='bbox 658 2413 975 2482; x_wconf 61' lang='lat' dir='ltr'><strong>&amp;ebriamineliat-</strong></span> <span class='ocrx_word' id='word_1_255' title='bbox 1066 2415 1164 2473; x_wconf 81' lang='lat' dir='ltr'><strong>xviii.</strong></span> <span class='ocrx_word' id='word_1_256' title='bbox 1182 2416 1323 2473; x_wconf 79' lang='lat' dir='ltr'><strong>Paictali&#39;i</strong></span> <span class='ocrx_word' id='word_1_257' title='bbox 1338 2414 1463 2487; x_wconf 81' lang='lat' dir='ltr'><strong>epistota.</strong></span> <span class='ocrx_word' id='word_1_258' title='bbox 1474 2445 1507 2456; x_wconf 94' lang='lat'><em>-</em></span> <span class='ocrx_word' id='word_1_259' title='bbox 1520 2435 1535 2466; x_wconf 82' lang='lat' dir='ltr'><strong>a</strong></span> <span class='ocrx_word' id='word_1_260' title='bbox 1562 2413 1717 2470; x_wconf 80' lang='lat' dir='ltr'><strong>Pescaicis</strong></span> <span class='ocrx_word' id='word_1_261' title='bbox 1743 2410 1864 2484; x_wconf 86' lang='lat' dir='ltr'><strong>episcc-</strong></span> 
     </span>
     <span class='ocr_line' id='line_1_25' title="bbox 149 2500 1861 2578; baseline -0.004 -17"><span class='ocrx_word' id='word_1_262' title='bbox 149 2505 209 2566; x_wconf 87' lang='lat' dir='ltr'><strong>Hcc</strong></span> <span class='ocrx_word' id='word_1_263' title='bbox 226 2505 324 2577; x_wconf 86' lang='lat' dir='ltr'><strong>itaque</strong></span> <span class='ocrx_word' id='word_1_264' title='bbox 338 2509 505 2562; x_wconf 85' lang='lat' dir='ltr'><strong>exsecratus</strong></span> <span class='ocrx_word' id='word_1_265' title='bbox 520 2506 622 2561; x_wconf 85' lang='lat' dir='ltr'><strong>ordine</strong></span> <span class='ocrx_word' id='word_1_266' title='bbox 636 2505 828 2576; x_wconf 86' lang='lat' dir='ltr'><strong>consequenti</strong></span> <span class='ocrx_word' id='word_1_267' title='bbox 839 2508 977 2562; x_wconf 84' lang='lat' dir='ltr'><strong>visitatur</strong></span> <span class='ocrx_word' id='word_1_268' title='bbox 1031 2522 1097 2578; x_wconf 76' lang='lat' dir='ltr'><strong>pua,</strong></span> <span class='ocrx_word' id='word_1_269' title='bbox 1114 2522 1218 2562; x_wconf 77' lang='lat' dir='ltr'><strong>servas</strong></span> <span class='ocrx_word' id='word_1_270' title='bbox 1240 2521 1390 2562; x_wconf 82' lang='lat' dir='ltr'><strong>servorum</strong></span> <span class='ocrx_word' id='word_1_271' title='bbox 1417 2502 1478 2570; x_wconf 80' lang='lat' dir='ltr'><strong>Dei,</strong></span> <span class='ocrx_word' id='word_1_272' title='bbox 1501 2502 1696 2570; x_wconf 79' lang='lat' dir='ltr'><strong>Augusienaia</strong></span> <span class='ocrx_word' id='word_1_273' title='bbox 1721 2500 1861 2557; x_wconf 73' lang='lat' dir='ltr'><strong>Ecclesia</strong></span> 
     </span>
     <span class='ocr_line' id='line_1_26' title="bbox 150 2591 1864 2666; baseline -0.005 -13"><span class='ocrx_word' id='word_1_274' title='bbox 150 2597 258 2665; x_wconf 85' lang='lat' dir='ltr'><strong>umiae,</strong></span> <span class='ocrx_word' id='word_1_275' title='bbox 276 2611 369 2651; x_wconf 83' lang='lat' dir='ltr'><strong>novus</strong></span> <span class='ocrx_word' id='word_1_276' title='bbox 397 2595 504 2651; x_wconf 84' lang='lat' dir='ltr'><strong>etenim</strong></span> <span class='ocrx_word' id='word_1_277' title='bbox 530 2595 657 2665; x_wconf 79' lang='lat' dir='ltr'><strong>pontilari</strong></span> <span class='ocrx_word' id='word_1_278' title='bbox 681 2601 783 2650; x_wconf 84' lang='lat' dir='ltr'><strong>sanata</strong></span> <span class='ocrx_word' id='word_1_279' title='bbox 806 2600 973 2650; x_wconf 89' lang='lat' dir='ltr'><strong>sauctorum</strong></span> <span class='ocrx_word' id='word_1_280' title='bbox 1032 2595 1180 2652; x_wconf 84' lang='lat' dir='ltr'><strong>canonicis</strong></span> <span class='ocrx_word' id='word_1_281' title='bbox 1196 2600 1224 2649; x_wconf 85' lang='lat' dir='ltr'><strong>et</strong></span> <span class='ocrx_word' id='word_1_282' title='bbox 1239 2593 1349 2650; x_wconf 70' lang='lat' dir='ltr'><strong>ueteris</strong></span> <span class='ocrx_word' id='word_1_283' title='bbox 1365 2592 1551 2666; x_wconf 84' lang='lat' dir='ltr'><strong>parochianis</strong></span> <span class='ocrx_word' id='word_1_284' title='bbox 1562 2591 1690 2649; x_wconf 83' lang='lat' dir='ltr'><strong>sulutem</strong></span> <span class='ocrx_word' id='word_1_285' title='bbox 1701 2600 1728 2647; x_wconf 91' lang='lat' dir='ltr'><strong>st</strong></span> <span class='ocrx_word' id='word_1_286' title='bbox 1739 2596 1864 2662; x_wconf 82' lang='lat' dir='ltr'><strong>aposto·</strong></span> 
     </span>
     <span class='ocr_line' id='line_1_27' title="bbox 149 2682 1380 2757; baseline -0.002 -17"><span class='ocrx_word' id='word_1_287' title='bbox 149 2684 324 2757; x_wconf 86' lang='lat' dir='ltr'><strong>ingreditur,</strong></span> <span class='ocrx_word' id='word_1_288' title='bbox 342 2685 431 2741; x_wconf 81' lang='lat' dir='ltr'><strong>ileum</strong></span> <span class='ocrx_word' id='word_1_289' title='bbox 448 2700 506 2741; x_wconf 91' lang='lat' dir='ltr'><strong>nun</strong></span> <span class='ocrx_word' id='word_1_290' title='bbox 521 2682 700 2756; x_wconf 84' lang='lat' dir='ltr'><strong>placaturus,</strong></span> <span class='ocrx_word' id='word_1_291' title='bbox 716 2683 766 2740; x_wconf 86' lang='lat' dir='ltr'><strong>sad</strong></span> <span class='ocrx_word' id='word_1_292' title='bbox 794 2682 975 2740; x_wconf 87' lang='lat' dir='ltr'><strong>irritaturus.</strong></span> <span class='ocrx_word' id='word_1_293' title='bbox 1032 2683 1118 2740; x_wconf 88' lang='lat' dir='ltr'><strong>licem</strong></span> <span class='ocrx_word' id='word_1_294' title='bbox 1135 2682 1380 2740; x_wconf 82' lang='lat' dir='ltr'><strong>benedictionem.</strong></span> 
     </span>
     <span class='ocr_line' id='line_1_28' title="bbox 150 2766 1862 2844; baseline -0.006 -12"><span class='ocrx_word' id='word_1_295' title='bbox 150 2773 364 2843; x_wconf 69' lang='lat' dir='ltr'><strong>dissuetudo,</strong></span> <span class='ocrx_word' id='word_1_296' title='bbox 376 2781 408 2830; x_wconf 91' lang='lat' dir='ltr'><strong>ut</strong></span> <span class='ocrx_word' id='word_1_297' title='bbox 419 2771 617 2830; x_wconf 84' lang='lat' dir='ltr'><strong>videbaturad</strong></span> <span class='ocrx_word' id='word_1_298' title='bbox 631 2772 822 2844; x_wconf 88' lang='lat' dir='ltr'><strong>hucperactn,</strong></span> <span class='ocrx_word' id='word_1_299' title='bbox 834 2772 977 2830; x_wconf 81' lang='lat' dir='ltr'><strong>diaconus</strong></span> <span class='ocrx_word' id='word_1_300' title='bbox 1067 2794 1082 2824; x_wconf 76' lang='lat' dir='ltr'><strong>a</strong></span> <span class='ocrx_word' id='word_1_301' title='bbox 1099 2770 1182 2828; x_wconf 85' lang='lat' dir='ltr'><strong>Venit</strong></span> <span class='ocrx_word' id='word_1_302' title='bbox 1197 2773 1232 2828; x_wconf 90' lang='lat' dir='ltr'><strong>ad</strong></span> <span class='ocrx_word' id='word_1_303' title='bbox 1249 2789 1303 2830; x_wconf 90' lang='lat' dir='ltr'><strong>noa</strong></span> <span class='ocrx_word' id='word_1_304' title='bbox 1319 2787 1376 2828; x_wconf 91' lang='lat' dir='ltr'><strong>nou</strong></span> <span class='ocrx_word' id='word_1_305' title='bbox 1391 2775 1514 2828; x_wconf 86' lang='lat' dir='ltr'><strong>vocatus</strong></span> <span class='ocrx_word' id='word_1_306' title='bbox 1538 2771 1629 2827; x_wconf 85' lang='lat' dir='ltr'><strong>irater</strong></span> <span class='ocrx_word' id='word_1_307' title='bbox 1653 2773 1753 2826; x_wconf 89' lang='lat' dir='ltr'><strong>noster</strong></span> <span class='ocrx_word' id='word_1_308' title='bbox 1777 2766 1862 2823; x_wconf 84' lang='lat' dir='ltr'><strong>Heri·</strong></span> 
     </span>
     <span class='ocr_line' id='line_1_29' title="bbox 150 2860 1861 2937; baseline -0.004 -17"><span class='ocrx_word' id='word_1_309' title='bbox 150 2864 291 2937; x_wconf 85' lang='lat' dir='ltr'><strong>populum</strong></span> <span class='ocrx_word' id='word_1_310' title='bbox 305 2863 342 2920; x_wconf 92' lang='lat' dir='ltr'><strong>ad</strong></span> <span class='ocrx_word' id='word_1_311' title='bbox 355 2861 487 2935; x_wconf 74' lang='lat' dir='ltr'><strong>episcopi</strong></span> <span class='ocrx_word' id='word_1_312' title='bbox 502 2861 738 2919; x_wconf 75' lang='lat' dir='ltr'><strong>benedictionem</strong></span> <span class='ocrx_word' id='word_1_313' title='bbox 758 2860 974 2919; x_wconf 87' lang='lat' dir='ltr'><strong>humiliandum</strong></span> <span class='ocrx_word' id='word_1_314' title='bbox 1033 2879 1169 2927; x_wconf 85' lang='lat' dir='ltr'><strong>mannus,</strong></span> <span class='ocrx_word' id='word_1_315' title='bbox 1185 2867 1287 2919; x_wconf 78' lang='lat' dir='ltr'><strong>restra</strong></span> <span class='ocrx_word' id='word_1_316' title='bbox 1302 2862 1426 2919; x_wconf 87' lang='lat' dir='ltr'><strong>civitatis</strong></span> <span class='ocrx_word' id='word_1_317' title='bbox 1439 2877 1605 2935; x_wconf 85' lang='lat' dir='ltr'><strong>epiecopus,</strong></span> <span class='ocrx_word' id='word_1_318' title='bbox 1627 2875 1747 2917; x_wconf 86' lang='lat' dir='ltr'><strong>causam</strong></span> <span class='ocrx_word' id='word_1_319' title='bbox 1774 2874 1861 2914; x_wconf 83' lang='lat' dir='ltr'><strong>eiiam</strong></span> 
     </span>
     <span class='ocr_line' id='line_1_30' title="bbox 149 2945 1864 3026; baseline -0.005 -16"><span class='ocrx_word' id='word_1_320' title='bbox 149 2952 366 3018; x_wconf 80' lang='lat' dir='ltr'><strong>exhortatoriis,</strong></span> <span class='ocrx_word' id='word_1_321' title='bbox 384 2968 441 3009; x_wconf 84' lang='lat' dir='ltr'><strong>uua</strong></span> <span class='ocrx_word' id='word_1_322' title='bbox 458 2961 566 3016; x_wconf 76' lang='lat' dir='ltr'><strong>meula,</strong></span> <span class='ocrx_word' id='word_1_323' title='bbox 583 2954 616 3006; x_wconf 90' lang='lat' dir='ltr'><strong>ul</strong></span> <span class='ocrx_word' id='word_1_324' title='bbox 630 2951 802 3022; x_wconf 85' lang='lat' dir='ltr'><strong>putabatur,</strong></span> <span class='ocrx_word' id='word_1_325' title='bbox 818 2950 974 3019; x_wconf 83' lang='lat' dir='ltr'><strong>alienatus,</strong></span> <span class='ocrx_word' id='word_1_326' title='bbox 1032 2952 1185 3026; x_wconf 86' lang='lat' dir='ltr'><strong>postulans</strong></span> <span class='ocrx_word' id='word_1_327' title='bbox 1196 2951 1311 3008; x_wconf 78' lang='lat' dir='ltr'><strong>uertiori</strong></span> <span class='ocrx_word' id='word_1_328' title='bbox 1324 2952 1537 3015; x_wconf 85' lang='lat' dir='ltr'><strong>ssusouncludi,</strong></span> <span class='ocrx_word' id='word_1_329' title='bbox 1548 2955 1605 3008; x_wconf 88' lang='lat' dir='ltr'><strong>stu.</strong></span> <span class='ocrx_word' id='word_1_330' title='bbox 1619 2945 1864 3006; x_wconf 81' lang='lat' dir='ltr'><strong>l&#39;iiiaiiiParebali&#39;</strong></span> 
     </span>
     <span class='ocr_line' id='line_1_31' title="bbox 150 3037 1861 3112; baseline -0.004 -13"><span class='ocrx_word' id='word_1_331' title='bbox 150 3041 205 3099; x_wconf 89' lang='lat' dir='ltr'><strong>hau</strong></span> <span class='ocrx_word' id='word_1_332' title='bbox 221 3041 314 3097; x_wconf 86' lang='lat' dir='ltr'><strong>utitur</strong></span> <span class='ocrx_word' id='word_1_333' title='bbox 329 3040 489 3112; x_wconf 76' lang='lat' dir='ltr'><strong>preconio:</strong></span> <span class='ocrx_word' id='word_1_334' title='bbox 506 3040 649 3106; x_wconf 77' lang='lat' dir='ltr'><strong>inclinata,</strong></span> <span class='ocrx_word' id='word_1_335' title='bbox 665 3038 978 3112; x_wconf 60' lang='lat' dir='ltr'><strong>immaturitatem</strong></span> <span class='ocrx_word' id='word_1_336' title='bbox 1032 3043 1055 3100; x_wconf 92' lang='lat' dir='ltr'><strong>il</strong></span> <span class='ocrx_word' id='word_1_337' title='bbox 1068 3042 1103 3098; x_wconf 83' lang='lat' dir='ltr'><strong>ait</strong></span> <span class='ocrx_word' id='word_1_338' title='bbox 1117 3060 1168 3098; x_wconf 82' lang='lat' dir='ltr'><strong>uia.</strong></span> <span class='ocrx_word' id='word_1_339' title='bbox 1186 3041 1301 3098; x_wconf 74' lang='grc'><strong>11111...</strong></span> <span class='ocrx_word' id='word_1_340' title='bbox 1317 3040 1461 3098; x_wconf 78' lang='lat' dir='ltr'><strong>Volumus</strong></span> <span class='ocrx_word' id='word_1_341' title='bbox 1476 3040 1554 3096; x_wconf 87' lang='lat' dir='ltr'><strong>enim</strong></span> <span class='ocrx_word' id='word_1_342' title='bbox 1572 3047 1605 3096; x_wconf 91' lang='lat' dir='ltr'><strong>ut</strong></span> <span class='ocrx_word' id='word_1_343' title='bbox 1619 3044 1679 3096; x_wconf 81' lang='lat' dir='ltr'><strong>tam</strong></span> <span class='ocrx_word' id='word_1_344' title='bbox 1693 3037 1755 3109; x_wconf 86' lang='lat' dir='ltr'><strong>ipse</strong></span> <span class='ocrx_word' id='word_1_345' title='bbox 1767 3050 1861 3108; x_wconf 82' lang='lat' dir='ltr'><strong>quam</strong></span> 
     </span>
     <span class='ocr_line' id='line_1_32' title="bbox 149 3126 1864 3204; baseline -0.004 -16"><span class='ocrx_word' id='word_1_346' title='bbox 149 3129 425 3188; x_wconf 79' lang='lat' dir='ltr'><strong>beattnmnttua</strong></span> <span class='ocrx_word' id='word_1_347' title='bbox 444 3127 608 3186; x_wconf 78' lang='lat' dir='ltr'><strong>exhortatio</strong></span> <span class='ocrx_word' id='word_1_348' title='bbox 634 3128 812 3201; x_wconf 82' lang='lat' dir='ltr'><strong>pontificalis</strong></span> <span class='ocrx_word' id='word_1_349' title='bbox 839 3129 975 3186; x_wconf 88' lang='lat' dir='ltr'><strong>benedic·</strong></span> <span class='ocrx_word' id='word_1_350' title='bbox 1034 3131 1161 3187; x_wconf 81' lang='lat' dir='ltr'><strong>Ecclesia</strong></span> <span class='ocrx_word' id='word_1_351' title='bbox 1175 3146 1239 3204; x_wconf 80' lang='lat' dir='ltr'><strong>qua</strong></span> <span class='ocrx_word' id='word_1_352' title='bbox 1250 3131 1305 3188; x_wconf 84' lang='lat' dir='ltr'><strong>sub</strong></span> <span class='ocrx_word' id='word_1_353' title='bbox 1319 3147 1353 3188; x_wconf 93' lang='lat' dir='ltr'><strong>eo</strong></span> <span class='ocrx_word' id='word_1_354' title='bbox 1365 3139 1420 3198; x_wconf 80' lang='lat' dir='ltr'><strong>est,</strong></span> <span class='ocrx_word' id='word_1_355' title='bbox 1436 3146 1530 3201; x_wconf 86' lang='lat' dir='ltr'><strong>aeque</strong></span> <span class='ocrx_word' id='word_1_356' title='bbox 1546 3127 1583 3186; x_wconf 87' lang='lat' dir='ltr'><strong>ad</strong></span> <span class='ocrx_word' id='word_1_357' title='bbox 1599 3126 1774 3200; x_wconf 78' lang='lat' dir='ltr'><strong>prefinitum</strong></span> <span class='ocrx_word' id='word_1_358' title='bbox 1787 3132 1864 3182; x_wconf 90' lang='lat' dir='ltr'><strong>tem·</strong></span> 
     </span>
     <span class='ocr_line' id='line_1_33' title="bbox 149 3179 1861 3295; baseline -0.003 -20"><span class='ocrx_word' id='word_1_359' title='bbox 149 3219 240 3278; x_wconf 85' lang='lat' dir='ltr'><strong>tinais</strong></span> <span class='ocrx_word' id='word_1_360' title='bbox 252 3217 421 3292; x_wconf 63' lang='lat' dir='ltr'><strong>sussurim?</strong></span> <span class='ocrx_word' id='word_1_361' title='bbox 435 3238 443 3283; x_wconf 82' lang='lat' dir='ltr'><strong>t</strong></span> <span class='ocrx_word' id='word_1_362' title='bbox 459 3234 477 3273; x_wconf 75' lang='lat'>⁸</span> <span class='ocrx_word' id='word_1_363' title='bbox 491 3215 587 3284; x_wconf 58' lang='lat' dir='ltr'><strong>leviti,</strong></span> <span class='ocrx_word' id='word_1_364' title='bbox 602 3222 637 3273; x_wconf 69' lang='lat' dir='ltr'><strong>ul</strong></span> <span class='ocrx_word' id='word_1_365' title='bbox 651 3217 778 3290; x_wconf 63' lang='lat' dir='ltr'><strong>populus</strong></span> <span class='ocrx_word' id='word_1_366' title='bbox 795 3218 853 3276; x_wconf 73' lang='lat' dir='ltr'><strong>Deo</strong></span> <span class='ocrx_word' id='word_1_367' title='bbox 876 3219 976 3291; x_wconf 69' lang='lat' dir='ltr'><strong>capito</strong></span> <span class='ocrx_word' id='word_1_368' title='bbox 995 3179 1017 3249; x_wconf 73' lang='lat' dir='ltr'><strong>c</strong></span> <span class='ocrx_word' id='word_1_369' title='bbox 1033 3239 1088 3295; x_wconf 88' lang='lat' dir='ltr'><strong>pus</strong></span> <span class='ocrx_word' id='word_1_370' title='bbox 1112 3237 1212 3293; x_wconf 87' lang='lat' dir='ltr'><strong>pacem</strong></span> <span class='ocrx_word' id='word_1_371' title='bbox 1225 3226 1254 3278; x_wconf 90' lang='lat' dir='ltr'><strong>st</strong></span> <span class='ocrx_word' id='word_1_372' title='bbox 1277 3222 1533 3294; x_wconf 84' lang='lat' dir='ltr'><strong>tranqattiiiaism,</strong></span> <span class='ocrx_word' id='word_1_373' title='bbox 1556 3220 1681 3276; x_wconf 89' lang='lat' dir='ltr'><strong>Domino</strong></span> <span class='ocrx_word' id='word_1_374' title='bbox 1703 3215 1861 3289; x_wconf 73' lang='lat' dir='ltr'><strong>largiente,</strong></span> 
     </span>
     <span class='ocr_line' id='line_1_34' title="bbox 151 3306 1571 3379; baseline -0.004 -16"><span class='ocrx_word' id='word_1_375' title='bbox 151 3307 282 3377; x_wconf 80' lang='lat' dir='ltr'><strong>inclinat,</strong></span> <span class='ocrx_word' id='word_1_376' title='bbox 297 3309 405 3363; x_wconf 84' lang='lat' dir='ltr'><strong>iteruin</strong></span> <span class='ocrx_word' id='word_1_377' title='bbox 422 3312 512 3379; x_wconf 76' lang='lat' dir='ltr'><strong>utque</strong></span> <span class='ocrx_word' id='word_1_378' title='bbox 527 3306 634 3362; x_wconf 74' lang='lat' dir='ltr'><strong>iterum</strong></span> <span class='ocrx_word' id='word_1_379' title='bbox 651 3306 804 3378; x_wconf 76' lang='lat' dir='ltr'><strong>repetitur.</strong></span> <span class='ocrx_word' id='word_1_380' title='bbox 1031 3312 1172 3368; x_wconf 75' lang='lat' dir='ltr'><strong>obtinent.</strong></span> <span class='ocrx_word' id='word_1_381' title='bbox 1189 3317 1261 3367; x_wconf 73' lang='lat' dir='ltr'><strong>Data</strong></span> <span class='ocrx_word' id='word_1_382' title='bbox 1275 3327 1293 3366; x_wconf 80' lang='lat' dir='ltr'>x</span> <span class='ocrx_word' id='word_1_383' title='bbox 1308 3313 1369 3366; x_wconf 79' lang='lat' dir='ltr'><strong>tat.</strong></span> <span class='ocrx_word' id='word_1_384' title='bbox 1394 3309 1571 3366; x_wconf 69' lang='lat' dir='ltr'><strong>Dectembrie.</strong></span> 
     </span>
    </p>

    <p class='ocr_par' dir='ltr' id='par_1_4' title="bbox 201 3394 1865 3468">
     <span class='ocr_line' id='line_1_35' title="bbox 201 3394 1865 3468; baseline -0.001 -15"><span class='ocrx_word' id='word_1_385' title='bbox 201 3397 277 3453; x_wconf 82' lang='lat' dir='ltr'><strong>Tatio</strong></span> <span class='ocrx_word' id='word_1_386' title='bbox 289 3397 433 3468; x_wconf 71' lang='lat' dir='ltr'><strong>perstabat</strong></span> <span class='ocrx_word' id='word_1_387' title='bbox 447 3409 612 3462; x_wconf 80' lang='lat' dir='ltr'><strong>memorans,</strong></span> <span class='ocrx_word' id='word_1_388' title='bbox 629 3395 756 3467; x_wconf 59' lang='lat' dir='ltr'><strong>tusique</strong></span> <span class='ocrx_word' id='word_1_389' title='bbox 778 3396 919 3454; x_wconf 86' lang='lat' dir='ltr'><strong>muiiebat.</strong></span> <span class='ocrx_word' id='word_1_390' title='bbox 1067 3399 1140 3458; x_wconf 84' lang='lat' dir='ltr'><strong>xix.</strong></span> <span class='ocrx_word' id='word_1_391' title='bbox 1157 3401 1218 3457; x_wconf 77' lang='lat' dir='ltr'><strong>itia</strong></span> <span class='ocrx_word' id='word_1_392' title='bbox 1235 3400 1380 3456; x_wconf 80' lang='lat' dir='ltr'><strong>l’aicltatii</strong></span> <span class='ocrx_word' id='word_1_393' title='bbox 1394 3401 1518 3468; x_wconf 78' lang='lat' dir='ltr'><strong>eiiirtola.</strong></span> <span class='ocrx_word' id='word_1_394' title='bbox 1533 3427 1569 3440; x_wconf 91' lang='lat'>-</span> <span class='ocrx_word' id='word_1_395' title='bbox 1592 3397 1651 3454; x_wconf 86' lang='lat' dir='ltr'><strong>lias</strong></span> <span class='ocrx_word' id='word_1_396' title='bbox 1674 3396 1789 3452; x_wconf 83' lang='lat' dir='ltr'><strong>litteren</strong></span> <span class='ocrx_word' id='word_1_397' title='bbox 1815 3394 1865 3451; x_wconf 82' lang='lat' dir='ltr'><strong>six</strong></span> 
     </span>
    </p>

    <p class='ocr_par' dir='ltr' id='par_1_5' title="bbox 145 3484 1865 5709">
     <span class='ocr_line' id='line_1_36' title="bbox 393 3484 1862 3563; baseline 0 -24"><span class='ocrx_word' id='word_1_398' title='bbox 393 3484 477 3543; x_wconf 79' lang='lat' dir='ltr'><strong>Viau.</strong></span> <span class='ocrx_word' id='word_1_399' title='bbox 493 3486 608 3542; x_wconf 82' lang='lat' dir='ltr'><strong>AEiieid.</strong></span> <span class='ocrx_word' id='word_1_400' title='bbox 624 3502 654 3543; x_wconf 81' lang='grc' dir='ltr'><strong>ιι.</strong></span> <span class='ocrx_word' id='word_1_401' title='bbox 668 3485 743 3556; x_wconf 75' lang='lat' dir='ltr'><strong>tlt.)</strong></span> <span class='ocrx_word' id='word_1_402' title='bbox 1032 3492 1187 3547; x_wconf 85' lang='lat' dir='ltr'><strong>venetium</strong></span> <span class='ocrx_word' id='word_1_403' title='bbox 1203 3489 1374 3563; x_wconf 82' lang='lat' dir='ltr'><strong>asportarit,</strong></span> <span class='ocrx_word' id='word_1_404' title='bbox 1390 3489 1520 3562; x_wconf 88' lang='lat' dir='ltr'><strong>initoque</strong></span> <span class='ocrx_word' id='word_1_405' title='bbox 1534 3486 1658 3544; x_wconf 88' lang='lat' dir='ltr'><strong>consiliu</strong></span> <span class='ocrx_word' id='word_1_406' title='bbox 1671 3492 1795 3542; x_wconf 88' lang='lat' dir='ltr'><strong>cunctos</strong></span> <span class='ocrx_word' id='word_1_407' title='bbox 1809 3500 1862 3540; x_wconf 78' lang='lat' dir='ltr'><strong>ea-</strong></span> 
     </span>
     <span class='ocr_line' id='line_1_37' title="bbox 152 3574 1862 3648; baseline -0.004 -15"><span class='ocrx_word' id='word_1_408' title='bbox 152 3577 341 3634; x_wconf 80' lang='lat' dir='ltr'><strong>Perccnletse</strong></span> <span class='ocrx_word' id='word_1_409' title='bbox 356 3580 423 3648; x_wconf 83' lang='lat' dir='ltr'><strong>past</strong></span> <span class='ocrx_word' id='word_1_410' title='bbox 437 3590 455 3630; x_wconf 86' lang='lat' dir='ltr'><strong>a</strong></span> <span class='ocrx_word' id='word_1_411' title='bbox 469 3574 663 3632; x_wconf 74' lang='lat' dir='ltr'><strong>familiaribus</strong></span> <span class='ocrx_word' id='word_1_412' title='bbox 676 3581 774 3633; x_wconf 91' lang='lat' dir='ltr'><strong>utrum</strong></span> <span class='ocrx_word' id='word_1_413' title='bbox 786 3592 819 3634; x_wconf 84' lang='lat' dir='ltr'><strong>er</strong></span> <span class='ocrx_word' id='word_1_414' title='bbox 831 3576 979 3633; x_wconf 82' lang='lat' dir='ltr'><strong>industria</strong></span> <span class='ocrx_word' id='word_1_415' title='bbox 1033 3580 1168 3636; x_wconf 83' lang='lat' dir='ltr'><strong>rumdam</strong></span> <span class='ocrx_word' id='word_1_416' title='bbox 1184 3579 1328 3644; x_wconf 88' lang='lat' dir='ltr'><strong>conscius,</strong></span> <span class='ocrx_word' id='word_1_417' title='bbox 1344 3585 1377 3633; x_wconf 92' lang='lat' dir='ltr'><strong>ut</strong></span> <span class='ocrx_word' id='word_1_418' title='bbox 1387 3577 1475 3633; x_wconf 87' lang='lat' dir='ltr'><strong>unius</strong></span> <span class='ocrx_word' id='word_1_419' title='bbox 1486 3576 1554 3633; x_wconf 86' lang='lat' dir='ltr'><strong>anni</strong></span> <span class='ocrx_word' id='word_1_420' title='bbox 1566 3576 1660 3647; x_wconf 84' lang='lat' dir='ltr'><strong>spatio</strong></span> <span class='ocrx_word' id='word_1_421' title='bbox 1673 3590 1732 3630; x_wconf 89' lang='lat' dir='ltr'><strong>non</strong></span> <span class='ocrx_word' id='word_1_422' title='bbox 1743 3574 1862 3645; x_wconf 86' lang='lat' dir='ltr'><strong>detege-</strong></span> 
     </span>
     <span class='ocr_line' id='line_1_38' title="bbox 154 3662 1860 3739; baseline -0.002 -18"><span class='ocrx_word' id='word_1_423' title='bbox 154 3666 209 3722; x_wconf 86' lang='lat' dir='ltr'><strong>buu</strong></span> <span class='ocrx_word' id='word_1_424' title='bbox 226 3664 335 3732; x_wconf 79' lang='lat' dir='ltr'><strong>tenerit,</strong></span> <span class='ocrx_word' id='word_1_425' title='bbox 349 3665 428 3722; x_wconf 84' lang='lat' dir='ltr'><strong>idam</strong></span> <span class='ocrx_word' id='word_1_426' title='bbox 442 3663 584 3721; x_wconf 78' lang='lat' dir='ltr'><strong>diaeonus</strong></span> <span class='ocrx_word' id='word_1_427' title='bbox 598 3666 761 3721; x_wconf 86' lang='lat' dir='ltr'><strong>testabatur</strong></span> <span class='ocrx_word' id='word_1_428' title='bbox 773 3670 864 3722; x_wconf 82' lang='lat' dir='ltr'><strong>Deum</strong></span> <span class='ocrx_word' id='word_1_429' title='bbox 876 3682 908 3721; x_wconf 88' lang='lat' dir='ltr'><strong>ae</strong></span> <span class='ocrx_word' id='word_1_430' title='bbox 919 3681 977 3723; x_wconf 87' lang='lat' dir='ltr'><strong>non</strong></span> <span class='ocrx_word' id='word_1_431' title='bbox 1033 3676 1144 3736; x_wconf 87' lang='lat' dir='ltr'><strong>rentur,</strong></span> <span class='ocrx_word' id='word_1_432' title='bbox 1157 3668 1257 3739; x_wconf 84' lang='lat' dir='ltr'><strong>jurare</strong></span> <span class='ocrx_word' id='word_1_433' title='bbox 1280 3665 1421 3738; x_wconf 81' lang='lat' dir='ltr'><strong>compulit</strong></span> <span class='ocrx_word' id='word_1_434' title='bbox 1435 3682 1443 3733; x_wconf 89' lang='lat'>;</span> <span class='ocrx_word' id='word_1_435' title='bbox 1470 3666 1572 3738; x_wconf 86' lang='lat' dir='ltr'><strong>sieque</strong></span> <span class='ocrx_word' id='word_1_436' title='bbox 1587 3662 1665 3720; x_wconf 83' lang='lat' dir='ltr'><strong>dctis</strong></span> <span class='ocrx_word' id='word_1_437' title='bbox 1690 3680 1743 3736; x_wconf 90' lang='lat' dir='ltr'><strong>pro</strong></span> <span class='ocrx_word' id='word_1_438' title='bbox 1770 3662 1860 3718; x_wconf 91' lang='lat' dir='ltr'><strong>libitii</strong></span> 
     </span>
     <span class='ocr_line' id='line_1_39' title="bbox 154 3748 1862 3827; baseline -0.005 -15"><span class='ocrx_word' id='word_1_439' title='bbox 154 3753 431 3827; x_wconf 69' lang='lat' dir='ltr'><strong>spontaeenqaaai</strong></span> <span class='ocrx_word' id='word_1_440' title='bbox 455 3751 484 3809; x_wconf 91' lang='lat' dir='ltr'><strong>in</strong></span> <span class='ocrx_word' id='word_1_441' title='bbox 510 3753 603 3810; x_wconf 79' lang='lat' dir='ltr'><strong>extasi</strong></span> <span class='ocrx_word' id='word_1_442' title='bbox 627 3754 822 3825; x_wconf 78' lang='lat' dir='ltr'><strong>praecinuisse.</strong></span> <span class='ocrx_word' id='word_1_443' title='bbox 851 3755 980 3827; x_wconf 83' lang='lat' dir='ltr'><strong>benique</strong></span> <span class='ocrx_word' id='word_1_444' title='bbox 1034 3756 1206 3824; x_wconf 80' lang='lat' dir='ltr'><strong>mendaciis,</strong></span> <span class='ocrx_word' id='word_1_445' title='bbox 1221 3758 1343 3814; x_wconf 88' lang='lat' dir='ltr'><strong>domum</strong></span> <span class='ocrx_word' id='word_1_446' title='bbox 1356 3754 1453 3812; x_wconf 84' lang='lat' dir='ltr'><strong>rediit.</strong></span> <span class='ocrx_word' id='word_1_447' title='bbox 1464 3752 1629 3826; x_wconf 77' lang='lat' dir='ltr'><strong>Excogitata</strong></span> <span class='ocrx_word' id='word_1_448' title='bbox 1648 3769 1715 3810; x_wconf 87' lang='lat' dir='ltr'><strong>veru</strong></span> <span class='ocrx_word' id='word_1_449' title='bbox 1729 3748 1862 3824; x_wconf 85' lang='lat' dir='ltr'><strong>graviori</strong></span> 
     </span>
     <span class='ocr_line' id='line_1_40' title="bbox 155 3840 1862 3918; baseline -0.004 -17"><span class='ocrx_word' id='word_1_450' title='bbox 155 3842 502 3915; x_wconf 79' lang='lat' dir='ltr'><strong>mendaciocompositm</strong></span> <span class='ocrx_word' id='word_1_451' title='bbox 523 3848 685 3916; x_wconf 80' lang='lat' dir='ltr'><strong>Augustam</strong></span> <span class='ocrx_word' id='word_1_452' title='bbox 712 3842 874 3915; x_wconf 84' lang='lat' dir='ltr'><strong>regreditur</strong></span> <span class='ocrx_word' id='word_1_453' title='bbox 898 3844 977 3916; x_wconf 86' lang='lat' dir='ltr'><strong>epie-</strong></span> <span class='ocrx_word' id='word_1_454' title='bbox 1033 3846 1131 3904; x_wconf 85' lang='lat' dir='ltr'><strong>adbuc</strong></span> <span class='ocrx_word' id='word_1_455' title='bbox 1142 3845 1285 3918; x_wconf 85' lang='lat' dir='ltr'><strong>nequitia,</strong></span> <span class='ocrx_word' id='word_1_456' title='bbox 1300 3861 1393 3902; x_wconf 84' lang='lat' dir='ltr'><strong>unuin</strong></span> <span class='ocrx_word' id='word_1_457' title='bbox 1409 3846 1445 3900; x_wconf 90' lang='lat' dir='ltr'><strong>ila</strong></span> <span class='ocrx_word' id='word_1_458' title='bbox 1458 3843 1683 3901; x_wconf 70' lang='lat' dir='ltr'><strong>accusatoribus</strong></span> <span class='ocrx_word' id='word_1_459' title='bbox 1707 3840 1783 3908; x_wconf 86' lang='lat' dir='ltr'><strong>suis,</strong></span> <span class='ocrx_word' id='word_1_460' title='bbox 1807 3840 1862 3911; x_wconf 86' lang='lat' dir='ltr'><strong>qni</strong></span> 
     </span>
     <span class='ocr_line' id='line_1_41' title="bbox 155 3928 1865 4009; baseline -0.003 -19"><span class='ocrx_word' id='word_1_461' title='bbox 155 3949 258 3999; x_wconf 85' lang='lat' dir='ltr'><strong>oopus,</strong></span> <span class='ocrx_word' id='word_1_462' title='bbox 273 3933 383 3989; x_wconf 85' lang='lat' dir='ltr'><strong>olerum</strong></span> <span class='ocrx_word' id='word_1_463' title='bbox 402 3936 431 3988; x_wconf 91' lang='lat' dir='ltr'><strong>st</strong></span> <span class='ocrx_word' id='word_1_464' title='bbox 455 3929 594 4003; x_wconf 86' lang='lat' dir='ltr'><strong>populum</strong></span> <span class='ocrx_word' id='word_1_465' title='bbox 615 3932 679 4002; x_wconf 83' lang='lat' dir='ltr'><strong>jain</strong></span> <span class='ocrx_word' id='word_1_466' title='bbox 704 3929 795 3987; x_wconf 80' lang='lat' dir='ltr'><strong>libera</strong></span> <span class='ocrx_word' id='word_1_467' title='bbox 824 3933 979 4006; x_wconf 80' lang='lat' dir='ltr'><strong>tyrannide</strong></span> <span class='ocrx_word' id='word_1_468' title='bbox 1033 3934 1342 4009; x_wconf 80' lang='lat' dir='ltr'><strong>prestantioreraterie</strong></span> <span class='ocrx_word' id='word_1_469' title='bbox 1360 3935 1524 4003; x_wconf 81' lang='lat' dir='ltr'><strong>ridebatur,</strong></span> <span class='ocrx_word' id='word_1_470' title='bbox 1547 3933 1638 4005; x_wconf 89' lang='lat' dir='ltr'><strong>pretio</strong></span> <span class='ocrx_word' id='word_1_471' title='bbox 1663 3928 1806 4002; x_wconf 85' lang='lat' dir='ltr'><strong>eorrupit,</strong></span> <span class='ocrx_word' id='word_1_472' title='bbox 1831 3932 1865 3986; x_wconf 85' lang='lat' dir='ltr'><strong>et</strong></span> 
     </span>
     <span class='ocr_line' id='line_1_42' title="bbox 153 4016 1865 4096; baseline -0.004 -18"><span class='ocrx_word' id='word_1_473' title='bbox 153 4037 359 4095; x_wconf 80' lang='lat' dir='ltr'><strong>oppressurus.</strong></span> <span class='ocrx_word' id='word_1_474' title='bbox 377 4020 525 4092; x_wconf 82' lang='lat' dir='ltr'><strong>Siquidem</strong></span> <span class='ocrx_word' id='word_1_475' title='bbox 541 4020 645 4075; x_wconf 78' lang='lat' dir='ltr'><strong>divitas</strong></span> <span class='ocrx_word' id='word_1_476' title='bbox 661 4035 694 4076; x_wconf 86' lang='lat' dir='ltr'><strong>ac</strong></span> <span class='ocrx_word' id='word_1_477' title='bbox 710 4037 852 4092; x_wconf 73' lang='lat' dir='ltr'><strong>pauperae</strong></span> <span class='ocrx_word' id='word_1_478' title='bbox 867 4024 977 4094; x_wconf 80' lang='lat' dir='ltr'><strong>depra·</strong></span> <span class='ocrx_word' id='word_1_479' title='bbox 1034 4022 1145 4078; x_wconf 83' lang='lat' dir='ltr'><strong>litteriis</strong></span> <span class='ocrx_word' id='word_1_480' title='bbox 1162 4023 1246 4096; x_wconf 79' lang='lat' dir='ltr'><strong>quasi</strong></span> <span class='ocrx_word' id='word_1_481' title='bbox 1258 4039 1291 4078; x_wconf 84' lang='lat' dir='ltr'><strong>ex</strong></span> <span class='ocrx_word' id='word_1_482' title='bbox 1306 4022 1531 4093; x_wconf 77' lang='lat' dir='ltr'><strong>Augustenaiuiii</strong></span> <span class='ocrx_word' id='word_1_483' title='bbox 1548 4035 1670 4091; x_wconf 81' lang='lat' dir='ltr'><strong>persona</strong></span> <span class='ocrx_word' id='word_1_484' title='bbox 1682 4016 1796 4074; x_wconf 87' lang='lat' dir='ltr'><strong>occulte</strong></span> <span class='ocrx_word' id='word_1_485' title='bbox 1810 4030 1865 4087; x_wconf 87' lang='lat' dir='ltr'><strong>per</strong></span> 
     </span>
     <span class='ocr_line' id='line_1_43' title="bbox 154 4103 1862 4182; baseline -0.004 -16"><span class='ocrx_word' id='word_1_486' title='bbox 154 4109 390 4178; x_wconf 82' lang='lat' dir='ltr'><strong>dutiir,eculeeia</strong></span> <span class='ocrx_word' id='word_1_487' title='bbox 405 4115 513 4166; x_wconf 79' lang='lat' dir='ltr'><strong>sanata</strong></span> <span class='ocrx_word' id='word_1_488' title='bbox 534 4109 584 4165; x_wconf 82' lang='lat' dir='ltr'><strong>Dei</strong></span> <span class='ocrx_word' id='word_1_489' title='bbox 608 4109 768 4165; x_wconf 75' lang='lat' dir='ltr'><strong>Genetricis</strong></span> <span class='ocrx_word' id='word_1_490' title='bbox 790 4109 904 4165; x_wconf 88' lang='lat' dir='ltr'><strong>intinitu</strong></span> <span class='ocrx_word' id='word_1_491' title='bbox 929 4127 980 4182; x_wconf 77' lang='lat' dir='ltr'><strong>per</strong></span> <span class='ocrx_word' id='word_1_492' title='bbox 1035 4113 1275 4179; x_wconf 76' lang='lat' dir='ltr'><strong>eumaiiuetulico</strong></span> <span class='ocrx_word' id='word_1_493' title='bbox 1290 4109 1477 4181; x_wconf 79' lang='lat' dir='ltr'><strong>direxitzqui</strong></span> <span class='ocrx_word' id='word_1_494' title='bbox 1495 4103 1862 4166; x_wconf 79' lang='lat' dir='ltr'><strong>laisitatisuuutiusbrni·</strong></span> 
     </span>
     <span class='ocr_line' id='line_1_44' title="bbox 152 4199 1861 4272; baseline -0.004 -17"><span class='ocrx_word' id='word_1_495' title='bbox 152 4215 218 4255; x_wconf 91' lang='lat' dir='ltr'><strong>eum</strong></span> <span class='ocrx_word' id='word_1_496' title='bbox 235 4203 374 4256; x_wconf 83' lang='lat' dir='ltr'><strong>tbssiuro</strong></span> <span class='ocrx_word' id='word_1_497' title='bbox 401 4200 539 4269; x_wconf 82' lang='lat' dir='ltr'><strong>privatur.</strong></span> <span class='ocrx_word' id='word_1_498' title='bbox 564 4199 776 4253; x_wconf 85' lang='lat' dir='ltr'><strong>canonicorum</strong></span> <span class='ocrx_word' id='word_1_499' title='bbox 801 4200 909 4269; x_wconf 85' lang='lat' dir='ltr'><strong>praedia</strong></span> <span class='ocrx_word' id='word_1_500' title='bbox 931 4201 976 4255; x_wconf 81' lang='lat' dir='ltr'><strong>vei</strong></span> <span class='ocrx_word' id='word_1_501' title='bbox 1033 4217 1090 4272; x_wconf 89' lang='lat' dir='ltr'><strong>gna</strong></span> <span class='ocrx_word' id='word_1_502' title='bbox 1103 4207 1268 4272; x_wconf 69' lang='lat' dir='ltr'><strong>susceptus,</strong></span> <span class='ocrx_word' id='word_1_503' title='bbox 1284 4201 1354 4254; x_wconf 92' lang='lat' dir='ltr'><strong>dum</strong></span> <span class='ocrx_word' id='word_1_504' title='bbox 1371 4202 1499 4267; x_wconf 81' lang='lat' dir='ltr'><strong>auditur,</strong></span> <span class='ocrx_word' id='word_1_505' title='bbox 1528 4214 1635 4268; x_wconf 82' lang='lat' dir='ltr'><strong>magna</strong></span> <span class='ocrx_word' id='word_1_506' title='bbox 1662 4202 1764 4252; x_wconf 88' lang='lat' dir='ltr'><strong>contra</strong></span> <span class='ocrx_word' id='word_1_507' title='bbox 1790 4209 1861 4249; x_wconf 88' lang='lat' dir='ltr'><strong>eum</strong></span> 
     </span>
     <span class='ocr_line' id='line_1_45' title="bbox 151 4280 1863 4361; baseline -0.005 -17"><span class='ocrx_word' id='word_1_508' title='bbox 151 4287 313 4344; x_wconf 83' lang='lat' dir='ltr'><strong>oblationes</strong></span> <span class='ocrx_word' id='word_1_509' title='bbox 328 4287 356 4344; x_wconf 88' lang='lat' dir='ltr'><strong>iii</strong></span> <span class='ocrx_word' id='word_1_510' title='bbox 373 4286 514 4344; x_wconf 80' lang='lat' dir='ltr'><strong>beneficia</strong></span> <span class='ocrx_word' id='word_1_511' title='bbox 529 4286 611 4342; x_wconf 84' lang='lat' dir='ltr'><strong>laicis</strong></span> <span class='ocrx_word' id='word_1_512' title='bbox 625 4302 777 4343; x_wconf 74' lang='lat' dir='ltr'><strong>aerumma</strong></span> <span class='ocrx_word' id='word_1_513' title='bbox 787 4287 977 4352; x_wconf 66' lang='lat' dir='ltr'><strong>mutuaberis</strong></span> <span class='ocrx_word' id='word_1_514' title='bbox 1034 4306 1108 4360; x_wconf 78' lang='lat' dir='ltr'><strong>papa</strong></span> <span class='ocrx_word' id='word_1_515' title='bbox 1123 4289 1322 4361; x_wconf 85' lang='lat' dir='ltr'><strong>indignatione</strong></span> <span class='ocrx_word' id='word_1_516' title='bbox 1337 4289 1494 4346; x_wconf 81' lang='lat' dir='ltr'><strong>invehitur.</strong></span> <span class='ocrx_word' id='word_1_517' title='bbox 1510 4289 1598 4343; x_wconf 83' lang='lat' dir='ltr'><strong>corde</strong></span> <span class='ocrx_word' id='word_1_518' title='bbox 1618 4293 1647 4341; x_wconf 93' lang='lat' dir='ltr'><strong>at</strong></span> <span class='ocrx_word' id='word_1_519' title='bbox 1671 4282 1757 4340; x_wconf 89' lang='lat' dir='ltr'><strong>corde</strong></span> <span class='ocrx_word' id='word_1_520' title='bbox 1780 4280 1863 4352; x_wconf 88' lang='lat' dir='ltr'><strong>ioqui</strong></span> 
     </span>
     <span class='ocr_line' id='line_1_46' title="bbox 150 4375 1862 4447; baseline -0.002 -15"><span class='ocrx_word' id='word_1_521' title='bbox 150 4379 297 4433; x_wconf 79' lang='lat' dir='ltr'><strong>canonica</strong></span> <span class='ocrx_word' id='word_1_522' title='bbox 312 4394 363 4432; x_wconf 87' lang='lat' dir='ltr'><strong>eeu</strong></span> <span class='ocrx_word' id='word_1_523' title='bbox 383 4376 475 4432; x_wconf 82' lang='lat' dir='ltr'><strong>liiesae</strong></span> <span class='ocrx_word' id='word_1_524' title='bbox 491 4392 548 4431; x_wconf 92' lang='lat' dir='ltr'><strong>non</strong></span> <span class='ocrx_word' id='word_1_525' title='bbox 561 4375 757 4442; x_wconf 81' lang='lat' dir='ltr'><strong>celebrantur,</strong></span> <span class='ocrx_word' id='word_1_526' title='bbox 769 4376 838 4430; x_wconf 91' lang='lat' dir='ltr'><strong>duiii</strong></span> <span class='ocrx_word' id='word_1_527' title='bbox 852 4393 902 4447; x_wconf 92' lang='lat' dir='ltr'><strong>pru</strong></span> <span class='ocrx_word' id='word_1_528' title='bbox 915 4376 977 4432; x_wconf 89' lang='lat' dir='ltr'><strong>lau·</strong></span> <span class='ocrx_word' id='word_1_529' title='bbox 1034 4380 1069 4434; x_wconf 85' lang='lat' dir='ltr'><strong>ab</strong></span> <span class='ocrx_word' id='word_1_530' title='bbox 1081 4377 1604 4443; x_wconf 81' lang='lat' dir='ltr'><strong>nuinibusdeuiebenditur.Curicnsi</strong></span> <span class='ocrx_word' id='word_1_531' title='bbox 1614 4375 1862 4445; x_wconf 83' lang='lat' dir='ltr'><strong>tamenepisrcpc</strong></span> 
     </span>
     <span class='ocr_line' id='line_1_47' title="bbox 148 4461 1860 4541; baseline -0.003 -21"><span class='ocrx_word' id='word_1_532' title='bbox 148 4464 573 4537; x_wconf 76' lang='lat' dir='ltr'><strong>dibuebeiqueraleobvictus</strong></span> <span class='ocrx_word' id='word_1_533' title='bbox 582 4465 734 4537; x_wconf 88' lang='lat' dir='ltr'><strong>penuriam</strong></span> <span class='ocrx_word' id='word_1_534' title='bbox 743 4465 976 4537; x_wconf 79' lang='lat' dir='ltr'><strong>frequentantur.</strong></span> <span class='ocrx_word' id='word_1_535' title='bbox 1034 4470 1118 4534; x_wconf 72' lang='lat' dir='ltr'><strong>nique</strong></span> <span class='ocrx_word' id='word_1_536' title='bbox 1133 4468 1314 4541; x_wconf 79' lang='lat' dir='ltr'><strong>Goiwgemt</strong></span> <span class='ocrx_word' id='word_1_537' title='bbox 1330 4468 1435 4524; x_wconf 87' lang='lat' dir='ltr'><strong>abbata</strong></span> <span class='ocrx_word' id='word_1_538' title='bbox 1456 4484 1507 4539; x_wconf 90' lang='lat' dir='ltr'><strong>pru</strong></span> <span class='ocrx_word' id='word_1_539' title='bbox 1522 4467 1585 4537; x_wconf 83' lang='lat' dir='ltr'><strong>ipso</strong></span> <span class='ocrx_word' id='word_1_540' title='bbox 1610 4461 1860 4536; x_wconf 83' lang='lat' dir='ltr'><strong>supplicantibus,</strong></span> 
     </span>
     <span class='ocr_line' id='line_1_48' title="bbox 149 4549 1860 4632; baseline -0.002 -22"><span class='ocrx_word' id='word_1_541' title='bbox 149 4554 343 4625; x_wconf 83' lang='lat' dir='ltr'><strong>Temporibus</strong></span> <span class='ocrx_word' id='word_1_542' title='bbox 355 4553 415 4610; x_wconf 91' lang='lat' dir='ltr'><strong>illie</strong></span> <span class='ocrx_word' id='word_1_543' title='bbox 430 4555 568 4626; x_wconf 79' lang='lat' dir='ltr'><strong>praefatus</strong></span> <span class='ocrx_word' id='word_1_544' title='bbox 592 4554 729 4610; x_wconf 79' lang='lat' dir='ltr'><strong>Romana</strong></span> <span class='ocrx_word' id='word_1_545' title='bbox 753 4556 834 4609; x_wconf 79' lang='lat' dir='ltr'><strong>sedis</strong></span> <span class='ocrx_word' id='word_1_546' title='bbox 860 4555 974 4626; x_wconf 85' lang='lat' dir='ltr'><strong>legatus</strong></span> <span class='ocrx_word' id='word_1_547' title='bbox 989 4549 1107 4616; x_wconf 83' lang='lat' dir='ltr'><strong>buaiia</strong></span> <span class='ocrx_word' id='word_1_548' title='bbox 1123 4559 1212 4615; x_wconf 81' lang='lat' dir='ltr'><strong>veluti</strong></span> <span class='ocrx_word' id='word_1_549' title='bbox 1228 4559 1458 4632; x_wconf 76' lang='lat' dir='ltr'><strong>Augustsueium</strong></span> <span class='ocrx_word' id='word_1_550' title='bbox 1475 4554 1726 4629; x_wconf 86' lang='lat' dir='ltr'><strong>respondentibus</strong></span> <span class='ocrx_word' id='word_1_551' title='bbox 1738 4553 1860 4619; x_wconf 90' lang='lat' dir='ltr'><strong>litteris,</strong></span> 
     </span>
     <span class='ocr_line' id='line_1_49' title="bbox 149 4640 1863 4721; baseline 0.001 -24"><span class='ocrx_word' id='word_1_552' title='bbox 149 4641 974 4713; x_wconf 79' lang='lat' dir='ltr'><strong>RichardaedtbaaueepiscopusinTeutonicasdirectus</strong></span> <span class='ocrx_word' id='word_1_553' title='bbox 1030 4650 1110 4705; x_wconf 83' lang='lat' dir='ltr'><strong>abire</strong></span> <span class='ocrx_word' id='word_1_554' title='bbox 1126 4649 1316 4721; x_wconf 87' lang='lat' dir='ltr'><strong>permittitur,</strong></span> <span class='ocrx_word' id='word_1_555' title='bbox 1332 4663 1400 4703; x_wconf 83' lang='lat' dir='ltr'><strong>vera</strong></span> <span class='ocrx_word' id='word_1_556' title='bbox 1417 4663 1484 4704; x_wconf 91' lang='lat' dir='ltr'><strong>cum</strong></span> <span class='ocrx_word' id='word_1_557' title='bbox 1501 4646 1584 4703; x_wconf 86' lang='lat' dir='ltr'><strong>talaia</strong></span> <span class='ocrx_word' id='word_1_558' title='bbox 1600 4645 1747 4701; x_wconf 85' lang='lat' dir='ltr'><strong>relaturus</strong></span> <span class='ocrx_word' id='word_1_559' title='bbox 1763 4640 1863 4700; x_wconf 81' lang='lat' dir='ltr'><strong>:Vera</strong></span> 
     </span>
     <span class='ocr_line' id='line_1_50' title="bbox 148 4729 1200 4806; baseline 0.003 -20"><span class='ocrx_word' id='word_1_560' title='bbox 148 4734 246 4802; x_wconf 79' lang='lat' dir='ltr'><strong>partes</strong></span> <span class='ocrx_word' id='word_1_561' title='bbox 260 4729 439 4802; x_wconf 71' lang='lat' dir='ltr'><strong>uagatum</strong></span> <span class='ocrx_word' id='word_1_562' title='bbox 464 4731 591 4787; x_wconf 84' lang='lat' dir='ltr'><strong>devenit.</strong></span> <span class='ocrx_word' id='word_1_563' title='bbox 619 4730 671 4787; x_wconf 88' lang='lat' dir='ltr'><strong>Ubi</strong></span> <span class='ocrx_word' id='word_1_564' title='bbox 697 4747 763 4786; x_wconf 88' lang='lat' dir='ltr'><strong>rum</strong></span> <span class='ocrx_word' id='word_1_565' title='bbox 789 4740 860 4804; x_wconf 86' lang='lat' dir='ltr'><strong>apud</strong></span> <span class='ocrx_word' id='word_1_566' title='bbox 889 4735 973 4806; x_wconf 82' lang='lat' dir='ltr'><strong>lnge·</strong></span> <span class='ocrx_word' id='word_1_567' title='bbox 1030 4738 1085 4794; x_wconf 87' lang='lat' dir='ltr'><strong>buu</strong></span> <span class='ocrx_word' id='word_1_568' title='bbox 1102 4738 1200 4794; x_wconf 86' lang='lat' dir='ltr'><strong>murto.</strong></span> 
     </span>
     <span class='ocr_line' id='line_1_51' title="bbox 147 4817 1863 4899; baseline -0.005 -24"><span class='ocrx_word' id='word_1_569' title='bbox 147 4817 273 4877; x_wconf 83' lang='lat' dir='ltr'><strong>lanbeim</strong></span> <span class='ocrx_word' id='word_1_570' title='bbox 281 4818 448 4876; x_wconf 81' lang='lat' dir='ltr'><strong>Heinriuuiu</strong></span> <span class='ocrx_word' id='word_1_571' title='bbox 459 4820 664 4890; x_wconf 86' lang='lat' dir='ltr'><strong>imperaturam</strong></span> <span class='ocrx_word' id='word_1_572' title='bbox 675 4819 823 4892; x_wconf 84' lang='lat' dir='ltr'><strong>regalibus</strong></span> <span class='ocrx_word' id='word_1_573' title='bbox 831 4821 975 4893; x_wconf 88' lang='lat' dir='ltr'><strong>privasset</strong></span> <span class='ocrx_word' id='word_1_574' title='bbox 1063 4829 1233 4899; x_wconf 56' lang='lat' dir='ltr'><strong>(piscatura</strong></span> <span class='ocrx_word' id='word_1_575' title='bbox 1249 4825 1415 4899; x_wconf 67' lang='lat' dir='ltr'><strong>episcopua,</strong></span> <span class='ocrx_word' id='word_1_576' title='bbox 1430 4841 1532 4882; x_wconf 57' lang='lat' dir='ltr'><strong>minue</strong></span> <span class='ocrx_word' id='word_1_577' title='bbox 1546 4839 1697 4883; x_wconf 58' lang='lat' dir='ltr'><strong>geramum</strong></span> <span class='ocrx_word' id='word_1_578' title='bbox 1713 4822 1775 4891; x_wconf 68' lang='lat' dir='ltr'><strong>net,</strong></span> <span class='ocrx_word' id='word_1_579' title='bbox 1786 4821 1863 4878; x_wconf 61' lang='lat'><em>(1110.</em></span> 
     </span>
     <span class='ocr_line' id='line_1_52' title="bbox 147 4906 1864 4987; baseline -0.005 -10"><span class='ocrx_word' id='word_1_580' title='bbox 147 4906 325 4982; x_wconf 58' lang='grc' dir='ltr'><strong>1118180ῑῦ18,</strong></span> <span class='ocrx_word' id='word_1_581' title='bbox 350 4908 445 4981; x_wconf 58' lang='lat' dir='ltr'><strong>“ibib</strong></span> <span class='ocrx_word' id='word_1_582' title='bbox 473 4909 612 4964; x_wconf 62' lang='lat' dir='ltr'><strong>nimitum</strong></span> <span class='ocrx_word' id='word_1_583' title='bbox 649 4906 792 4966; x_wconf 59' lang='lat' dir='ltr'><strong>boerfflwss</strong></span> <span class='ocrx_word' id='word_1_584' title='bbox 826 4909 973 4982; x_wconf 63' lang='lat' dir='ltr'><strong>silwim,</strong></span> <span class='ocrx_word' id='word_1_585' title='bbox 1029 4916 1084 4975; x_wconf 89' lang='lat' dir='ltr'><strong>etis</strong></span> <span class='ocrx_word' id='word_1_586' title='bbox 1100 4913 1168 4972; x_wconf 85' lang='lat' dir='ltr'><strong>liliis</strong></span> <span class='ocrx_word' id='word_1_587' title='bbox 1183 4915 1383 4987; x_wconf 77' lang='lat' dir='ltr'><strong>augustanus</strong></span> <span class='ocrx_word' id='word_1_588' title='bbox 1397 4913 1534 4972; x_wconf 85' lang='lat' dir='ltr'><strong>liculaeia</strong></span> <span class='ocrx_word' id='word_1_589' title='bbox 1550 4913 1676 4985; x_wconf 89' lang='lat' dir='ltr'><strong>clericis,</strong></span> <span class='ocrx_word' id='word_1_590' title='bbox 1688 4910 1864 4972; x_wconf 87' lang='lat' dir='ltr'><strong>salutemet</strong></span> 
     </span>
     <span class='ocr_line' id='line_1_53' title="bbox 149 4995 1489 5080; baseline -0.002 -24"><span class='ocrx_word' id='word_1_591' title='bbox 149 4995 972 5070; x_wconf 79' lang='lat' dir='ltr'><strong>manuntaaaqaaamnttuareddita.singn1ainnaun</strong></span> <span class='ocrx_word' id='word_1_592' title='bbox 1028 5007 1223 5080; x_wconf 67' lang='lat' dir='ltr'><strong>apostoticam</strong></span> <span class='ocrx_word' id='word_1_593' title='bbox 1240 5005 1489 5064; x_wconf 69' lang='lat' dir='ltr'><strong>benedictionem,</strong></span> 
     </span>
     <span class='ocr_line' id='line_1_54' title="bbox 149 5084 1861 5168; baseline 0.001 -21"><span class='ocrx_word' id='word_1_594' title='bbox 149 5086 285 5145; x_wconf 58' lang='lat' dir='ltr'><strong>&amp;clasis</strong></span> <span class='ocrx_word' id='word_1_595' title='bbox 298 5084 490 5159; x_wconf 71' lang='lat' dir='ltr'><strong>paullumtur</strong></span> <span class='ocrx_word' id='word_1_596' title='bbox 504 5086 647 5142; x_wconf 81' lang='lat' dir='ltr'><strong>membra.</strong></span> <span class='ocrx_word' id='word_1_597' title='bbox 672 5085 736 5154; x_wconf 84' lang='lat' dir='ltr'><strong>liis,</strong></span> <span class='ocrx_word' id='word_1_598' title='bbox 766 5086 896 5157; x_wconf 87' lang='lat' dir='ltr'><strong>inquam,</strong></span> <span class='ocrx_word' id='word_1_599' title='bbox 925 5086 974 5144; x_wconf 88' lang='lat' dir='ltr'><strong>bic</strong></span> <span class='ocrx_word' id='word_1_600' title='bbox 1064 5118 1079 5146; x_wconf 79' lang='lat' dir='ltr'><strong>i</strong></span> <span class='ocrx_word' id='word_1_601' title='bbox 1095 5098 1162 5151; x_wconf 78' lang='lat' dir='ltr'><strong>Post</strong></span> <span class='ocrx_word' id='word_1_602' title='bbox 1177 5093 1390 5166; x_wconf 81' lang='lat' dir='ltr'><strong>impetitionem</strong></span> <span class='ocrx_word' id='word_1_603' title='bbox 1408 5111 1497 5168; x_wconf 83' lang='lat' dir='ltr'><strong>quam</strong></span> <span class='ocrx_word' id='word_1_604' title='bbox 1513 5111 1603 5168; x_wconf 90' lang='lat' dir='ltr'><strong>super</strong></span> <span class='ocrx_word' id='word_1_605' title='bbox 1616 5093 1751 5167; x_wconf 82' lang='lat' dir='ltr'><strong>episeopo</strong></span> <span class='ocrx_word' id='word_1_606' title='bbox 1763 5096 1861 5149; x_wconf 82' lang='lat' dir='ltr'><strong>vestm</strong></span> 
     </span>
     <span class='ocr_line' id='line_1_55' title="bbox 148 5178 1860 5256; baseline 0.001 -20"><span class='ocrx_word' id='word_1_607' title='bbox 148 5178 245 5237; x_wconf 80' lang='lat' dir='ltr'><strong>dietae</strong></span> <span class='ocrx_word' id='word_1_608' title='bbox 257 5180 416 5252; x_wconf 71' lang='lat' dir='ltr'><strong>epiecopus</strong></span> <span class='ocrx_word' id='word_1_609' title='bbox 430 5181 460 5235; x_wconf 92' lang='lat' dir='ltr'><strong>in</strong></span> <span class='ocrx_word' id='word_1_610' title='bbox 476 5178 604 5250; x_wconf 90' lang='lat' dir='ltr'><strong>generali</strong></span> <span class='ocrx_word' id='word_1_611' title='bbox 619 5178 804 5237; x_wconf 83' lang='lat' dir='ltr'><strong>absolutione</strong></span> <span class='ocrx_word' id='word_1_612' title='bbox 819 5195 877 5237; x_wconf 91' lang='lat' dir='ltr'><strong>nou</strong></span> <span class='ocrx_word' id='word_1_613' title='bbox 896 5179 972 5237; x_wconf 84' lang='lat' dir='ltr'><strong>exui·</strong></span> <span class='ocrx_word' id='word_1_614' title='bbox 1029 5184 1147 5251; x_wconf 83' lang='lat' dir='ltr'><strong>iecistia,</strong></span> <span class='ocrx_word' id='word_1_615' title='bbox 1163 5182 1329 5241; x_wconf 87' lang='lat' dir='ltr'><strong>dilectionis</strong></span> <span class='ocrx_word' id='word_1_616' title='bbox 1343 5191 1443 5243; x_wconf 81' lang='lat' dir='ltr'><strong>vestra</strong></span> <span class='ocrx_word' id='word_1_617' title='bbox 1466 5183 1581 5241; x_wconf 87' lang='lat' dir='ltr'><strong>litteriis</strong></span> <span class='ocrx_word' id='word_1_618' title='bbox 1605 5183 1802 5256; x_wconf 76' lang='lat' dir='ltr'><strong>suscepimus.</strong></span> <span class='ocrx_word' id='word_1_619' title='bbox 1825 5180 1860 5237; x_wconf 90' lang='lat' dir='ltr'><strong>iu</strong></span> 
     </span>
     <span class='ocr_line' id='line_1_56' title="bbox 149 5266 1860 5347; baseline 0.001 -22"><span class='ocrx_word' id='word_1_620' title='bbox 149 5270 236 5340; x_wconf 90' lang='lat' dir='ltr'><strong>pltar,</strong></span> <span class='ocrx_word' id='word_1_621' title='bbox 253 5269 306 5327; x_wconf 88' lang='lat' dir='ltr'><strong>sod</strong></span> <span class='ocrx_word' id='word_1_622' title='bbox 321 5286 372 5340; x_wconf 90' lang='lat' dir='ltr'><strong>per</strong></span> <span class='ocrx_word' id='word_1_623' title='bbox 388 5266 557 5326; x_wconf 79' lang='lat' dir='ltr'><strong>wibertina</strong></span> <span class='ocrx_word' id='word_1_624' title='bbox 580 5270 722 5325; x_wconf 82' lang='lat' dir='ltr'><strong>iia-resena</strong></span> <span class='ocrx_word' id='word_1_625' title='bbox 745 5270 970 5340; x_wconf 84' lang='lat' dir='ltr'><strong>abjurationem,</strong></span> <span class='ocrx_word' id='word_1_626' title='bbox 1028 5273 1138 5347; x_wconf 86' lang='lat' dir='ltr'><strong>quibua</strong></span> <span class='ocrx_word' id='word_1_627' title='bbox 1153 5271 1223 5345; x_wconf 87' lang='lat' dir='ltr'><strong>quia</strong></span> <span class='ocrx_word' id='word_1_628' title='bbox 1239 5289 1338 5345; x_wconf 82' lang='lat' dir='ltr'><strong>paoem</strong></span> <span class='ocrx_word' id='word_1_629' title='bbox 1354 5277 1383 5330; x_wconf 91' lang='lat' dir='ltr'><strong>st</strong></span> <span class='ocrx_word' id='word_1_630' title='bbox 1398 5274 1584 5331; x_wconf 86' lang='lat' dir='ltr'><strong>cunncrdiam</strong></span> <span class='ocrx_word' id='word_1_631' title='bbox 1599 5291 1667 5330; x_wconf 82' lang='lat' dir='ltr'><strong>cuii:</strong></span> <span class='ocrx_word' id='word_1_632' title='bbox 1680 5271 1783 5330; x_wconf 84' lang='lat' dir='ltr'><strong>sudam</strong></span> <span class='ocrx_word' id='word_1_633' title='bbox 1797 5270 1860 5344; x_wconf 88' lang='lat' dir='ltr'><strong>epi·</strong></span> 
     </span>
     <span class='ocr_line' id='line_1_57' title="bbox 151 5358 1859 5436; baseline 0.003 -24"><span class='ocrx_word' id='word_1_634' title='bbox 151 5372 203 5412; x_wconf 84' lang='lat' dir='ltr'><strong>neu</strong></span> <span class='ocrx_word' id='word_1_635' title='bbox 218 5360 286 5412; x_wconf 89' lang='lat' dir='ltr'><strong>duin</strong></span> <span class='ocrx_word' id='word_1_636' title='bbox 295 5358 431 5413; x_wconf 74' lang='lat' dir='ltr'><strong>ventilata</strong></span> <span class='ocrx_word' id='word_1_637' title='bbox 441 5359 594 5425; x_wconf 86' lang='lat' dir='ltr'><strong>suicausa,</strong></span> <span class='ocrx_word' id='word_1_638' title='bbox 604 5358 679 5413; x_wconf 89' lang='lat' dir='ltr'><strong>inter</strong></span> <span class='ocrx_word' id='word_1_639' title='bbox 689 5363 809 5414; x_wconf 76' lang='lat' dir='ltr'><strong>aeterua</strong></span> <span class='ocrx_word' id='word_1_640' title='bbox 821 5359 971 5431; x_wconf 84' lang='lat' dir='ltr'><strong>recipitur.</strong></span> <span class='ocrx_word' id='word_1_641' title='bbox 1027 5380 1115 5436; x_wconf 80' lang='lat' dir='ltr'><strong>acopo</strong></span> <span class='ocrx_word' id='word_1_642' title='bbox 1131 5380 1182 5419; x_wconf 74' lang='lat' dir='ltr'><strong>viis</strong></span> <span class='ocrx_word' id='word_1_643' title='bbox 1197 5363 1304 5419; x_wconf 88' lang='lat' dir='ltr'><strong>habere</strong></span> <span class='ocrx_word' id='word_1_644' title='bbox 1321 5364 1405 5419; x_wconf 88' lang='lat' dir='ltr'><strong>nobis</strong></span> <span class='ocrx_word' id='word_1_645' title='bbox 1420 5364 1622 5434; x_wconf 74' lang='lat' dir='ltr'><strong>significastis,</strong></span> <span class='ocrx_word' id='word_1_646' title='bbox 1639 5362 1729 5419; x_wconf 74' lang='lat' dir='ltr'><strong>letati</strong></span> <span class='ocrx_word' id='word_1_647' title='bbox 1740 5377 1859 5427; x_wconf 88' lang='lat' dir='ltr'><strong>sumus,</strong></span> 
     </span>
     <span class='ocr_line' id='line_1_58' title="bbox 150 5444 1860 5521; baseline -0.005 -4"><span class='ocrx_word' id='word_1_648' title='bbox 150 5444 256 5517; x_wconf 54' lang='grc'><strong>[68110</strong></span> <span class='ocrx_word' id='word_1_649' title='bbox 271 5462 387 5518; x_wconf 64' lang='grc'><strong>(1101116</strong></span> <span class='ocrx_word' id='word_1_650' title='bbox 402 5449 562 5520; x_wconf 59' lang='grc' dir='ltr'><strong>111811811ῐῦ</strong></span> <span class='ocrx_word' id='word_1_651' title='bbox 580 5447 722 5509; x_wconf 59' lang='lat' dir='ltr'><strong>V‘ssitlie·</strong></span> <span class='ocrx_word' id='word_1_652' title='bbox 739 5446 807 5501; x_wconf 62' lang='lat' dir='ltr'><strong>citri</strong></span> <span class='ocrx_word' id='word_1_653' title='bbox 823 5463 856 5501; x_wconf 76' lang='lat'><strong>⁸⁰</strong></span> <span class='ocrx_word' id='word_1_654' title='bbox 873 5452 972 5521; x_wconf 76' lang='lat' dir='ltr'><strong>populi</strong></span> <span class='ocrx_word' id='word_1_655' title='bbox 1028 5458 1053 5513; x_wconf 87' lang='lat' dir='ltr'><strong>ai</strong></span> <span class='ocrx_word' id='word_1_656' title='bbox 1069 5457 1201 5512; x_wconf 86' lang='lat' dir='ltr'><strong>eamdem</strong></span> <span class='ocrx_word' id='word_1_657' title='bbox 1217 5456 1402 5512; x_wconf 87' lang='lat' dir='ltr'><strong>concordiam</strong></span> <span class='ocrx_word' id='word_1_658' title='bbox 1418 5459 1508 5520; x_wconf 77' lang='lat' dir='ltr'><strong>gratie</strong></span> <span class='ocrx_word' id='word_1_659' title='bbox 1527 5459 1632 5511; x_wconf 85' lang='lat' dir='ltr'><strong>iactam</strong></span> <span class='ocrx_word' id='word_1_660' title='bbox 1647 5452 1860 5511; x_wconf 83' lang='lat' dir='ltr'><strong>iuissacuneti·</strong></span> 
     </span>
     <span class='ocr_line' id='line_1_59' title="bbox 145 5536 1859 5617; baseline -0.002 -13"><span class='ocrx_word' id='word_1_661' title='bbox 145 5536 971 5614; x_wconf 66' lang='lat' dir='ltr'><strong>⁰¹i⁰⁰¹¹¹¹i¹¹l(luetifflwlffltdiclumvidelicelepiscopum</strong></span> <span class='ocrx_word' id='word_1_662' title='bbox 1029 5546 1107 5603; x_wconf 79' lang='lat' dir='ltr'><strong>terit</strong></span> <span class='ocrx_word' id='word_1_663' title='bbox 1122 5549 1182 5603; x_wconf 86' lang='lat' dir='ltr'><strong>Noe</strong></span> <span class='ocrx_word' id='word_1_664' title='bbox 1197 5551 1296 5603; x_wconf 87' lang='lat' dir='ltr'><strong>tauien</strong></span> <span class='ocrx_word' id='word_1_665' title='bbox 1312 5549 1505 5603; x_wconf 88' lang='lat' dir='ltr'><strong>constitutum</strong></span> <span class='ocrx_word' id='word_1_666' title='bbox 1522 5546 1683 5602; x_wconf 88' lang='lat' dir='ltr'><strong>terminum</strong></span> <span class='ocrx_word' id='word_1_667' title='bbox 1704 5549 1859 5617; x_wconf 84' lang='lat' dir='ltr'><strong>exspecta·</strong></span> 
     </span>
     <span class='ocr_line' id='line_1_60' title="bbox 145 5623 1861 5709; baseline 0.008 -29"><span class='ocrx_word' id='word_1_668' title='bbox 145 5624 259 5697; x_wconf 91' lang='lat' dir='ltr'><strong>abequa</strong></span> <span class='ocrx_word' id='word_1_669' title='bbox 273 5624 414 5680; x_wconf 85' lang='lat' dir='ltr'><strong>canoniea</strong></span> <span class='ocrx_word' id='word_1_670' title='bbox 428 5623 971 5690; x_wconf 77' lang='lat' dir='ltr'><strong>alectieaessuucuseerrtiaueeedam</strong></span> <span class='ocrx_word' id='word_1_671' title='bbox 1028 5650 1105 5706; x_wconf 87' lang='lat' dir='ltr'><strong>mue,</strong></span> <span class='ocrx_word' id='word_1_672' title='bbox 1132 5638 1163 5691; x_wconf 83' lang='lat' dir='ltr'><strong>rt</strong></span> <span class='ocrx_word' id='word_1_673' title='bbox 1186 5635 1333 5709; x_wconf 80' lang='lat' dir='ltr'><strong>quidquid</strong></span> <span class='ocrx_word' id='word_1_674' title='bbox 1356 5634 1484 5707; x_wconf 82' lang='lat' dir='ltr'><strong>equitas</strong></span> <span class='ocrx_word' id='word_1_675' title='bbox 1513 5635 1674 5702; x_wconf 64' lang='lat' dir='ltr'><strong>domuerit,</strong></span> <span class='ocrx_word' id='word_1_676' title='bbox 1699 5634 1861 5694; x_wconf 70' lang='lat' dir='ltr'><strong>maturis</strong></span> 
     </span>
    </p>
   </div>
   <div class='ocr_carea' id='block_1_3' title="bbox 0 0 1980 6034">
    <p class='ocr_par' dir='ltr' id='par_1_6' title="bbox 0 0 1980 6034">
     <span class='ocr_line' id='line_1_61' title="bbox 0 0 1980 6034; baseline 0 0"><span class='ocrx_word' id='word_1_677' title='bbox 0 0 1980 6034; x_wconf 95' lang='lat' dir='ltr'><strong> </strong></span> 
     </span>
    </p>
   </div>
  </div>
 </body>
</html>
