3950 6034
94 244 131 303 ιι
500 220 506 227 ’
636 236 691 299 ns
712 236 857 300 nivinus
884 236 1064 300 carmus.
1087 268 1127 285 -
1147 238 1223 300 ure.
1248 240 1275 302 ιι

95 376 236 446 parantur
248 370 418 429 induisset
434 369 565 443 patribus
576 384 690 439 eorum,
704 371 741 427 dc
754 370 863 443 quibus
875 371 927 426 ltu·
939 371 968 439 Α
1311 373 1425 432 CAPUT
1444 380 1480 433 x.

96 462 194 520 minus
218 480 225 517 :
252 482 267 513 α
293 465 403 530 Patres,
428 458 535 531 inquit,
555 459 646 516 vestri
671 460 923 515 manducaverunt
1332 466 1461 521 Intentio.

99 568 206 608 manna
218 555 247 608 ei
263 549 370 606 mortui
387 552 458 605 sunt
472 548 562 619 (toan.
579 565 618 605 ιιι.
636 569 651 598 s
667 549 723 615 Qui
738 553 837 605 autem
854 563 922 604 cum
1014 548 1206 608 latentiorem
1217 552 1606 624 tantiopcris,purissimum
1617 556 1734 613 oculum
1747 562 1806 614 tem

98 644 151 699 tide
165 640 328 713 accipiunt,
338 638 380 695 iili
395 641 617 711 comparantur,
630 640 666 695 de
682 640 790 711 quibus
806 638 923 712 llposlu·
978 636 1068 695 lucidi
1080 642 1210 712 corporis
1221 642 1291 697 dum
1307 643 1479 714 querimus,
1492 649 1590 701 noster
1604 661 1722 718 quoque
1733 647 1805 704 sim·

97 733 142 788 lus
156 749 163 786 :
179 752 190 783 a
207 737 307 787 Patres
324 729 425 793 nostri,
442 727 549 801 inquit,
561 744 664 786 omncs
680 729 814 786 camdem
825 744 923 785 escam
978 724 1044 798 plen
1054 728 1207 795 oculus‚et
1219 729 1352 787 lucidum
1366 729 1452 787 debet
1465 748 1528 789 esse
1540 738 1674 789 nostrum
1686 751 1803 808 corpus,

96 820 277 893 spiritualem
290 819 550 886 manducaverunt,
564 822 594 874 et
603 834 707 875 omnes
723 819 860 874 eumdem
870 833 922 891 po·
977 816 1074 883 idest,
1086 822 1117 873 ut
1129 819 1273 876 ducamur
1283 820 1414 877 discendi
1426 827 1503 892 voto,
1515 839 1574 879 non
1585 824 1804 882 contradicendi

97 908 352 982 tumspiritualem
363 907 641 979 biberunt(fCor.x).
651 930 666 958 u
676 907 808 968 Namefii
820 925 872 980 per
882 906 925 963 in·
978 909 1136 979 proposito.
1152 910 1204 967 libi
1214 927 1282 983 ergo
1297 911 1483 969 inveniemus
1497 913 1702 971 admirabilem
1715 914 1802 987 huius

98 998 296 1055 credulitatem
308 998 697 1071 patrassuntiudeurumel
709 998 922 1066 hereticorum,
978 996 1207 1069 pulchritudinis
1223 1000 1352 1070 oculum,
1365 1001 1477 1057 scilicet
1494 1018 1550 1073 quo
1568 1004 1669 1060 tendat
1687 1007 1803 1061 tentum

98 1088 145 1145 aiii
156 1103 208 1160 per
222 1087 306 1142 fidem
318 1087 416 1143 Patres
426 1085 622 1159 apostolorum
635 1094 723 1159 atque
735 1085 924 1144 credentium.
977 1094 1037 1144 tam
1050 1089 1163 1160 pulchri
1175 1091 1269 1162 operis
1280 1098 1495 1150 sacramentum
1507 1092 1521 1148 f
1536 1094 1565 1149 lu
1577 1094 1673 1167 capite
1685 1096 1759 1169 ipsu,
1771 1094 1801 1153 in

102 1177 186 1234 Panis
202 1193 269 1247 ergo
288 1174 456 1243 invisibilis,
474 1176 525 1246 qui
539 1175 574 1232 de
593 1178 665 1232 creto
688 1176 849 1243 descendit,
865 1175 923 1230 vita
977 1181 1178 1254 eodem‚qu0d
1189 1181 1489 1250 sonuitnobis,rerbc
1501 1185 1805 1242 veritatisbitenim:

100 1271 152 1323 est.
167 1264 255 1322 Panis
266 1264 402 1333 visibilis,
414 1265 465 1336 qui
476 1265 513 1320 de
526 1268 604 1321 terra
619 1265 719 1328 crevit,
735 1281 812 1320 uuus
823 1268 922 1320 tamen
979 1290 991 1319 ι
1007 1268 1070 1324 Hac
1084 1271 1328 1343 quotiescumque
1350 1271 1488 1341 feceritis,
1505 1274 1534 1329 in
1553 1273 1608 1330 mei
1633 1275 1804 1333 memoriam

100 1355 184 1429 panis
203 1358 259 1421 cst,
275 1353 422 1425 quomodo
437 1354 486 1426 qui
503 1354 539 1409 de
554 1354 626 1410 coelo
648 1353 811 1417 descendit,
828 1357 856 1409 et
873 1352 921 1424 qui
975 1356 1098 1414 facietis.
1116 1358 1169 1423 Qui
1186 1360 1274 1415 habet
1295 1377 1382 1417 eures
1406 1361 1544 1418 audiendi
1560 1363 1671 1432 (ttatth.
1686 1363 1774 1436 xxvi),
1790 1385 1805 1416 »ι

101 1450 254 1515 conceptue
270 1447 299 1498 ct
314 1448 401 1498 natus
417 1447 462 1497 eet
476 1442 512 1497 de
529 1447 610 1499 utero
629 1440 771 1513 Virginis,
787 1441 921 1497 Christus
976 1444 1020 1502 sic
1035 1447 1141 1519 accipit
1156 1447 1210 1504 hoc
1226 1450 1351 1517 dictum,
1363 1449 1440 1506 sicut
1450 1450 1670 1523 lacrymabilem
1682 1454 1807 1510 morien-

102 1549 174 1589 uuus
190 1532 436 1604 est.0uaproptcr
446 1530 497 1603 qul
511 1530 656 1587 visibilem
668 1548 774 1604 panem
786 1528 921 1586 sacrificii
975 1532 1016 1589 tis
1027 1550 1079 1605 pro
1093 1534 1162 1590 liliis
1174 1536 1264 1608 patris
1279 1539 1428 1608 affectum,
1443 1538 1520 1595 sicut
1530 1555 1675 1611 germane
1690 1542 1808 1613 pietatis

100 1622 235 1690 comedit,
249 1625 278 1677 et
303 1619 481 1676 invisibilem
496 1638 514 1676 a
528 1619 615 1677 corde
630 1638 683 1678 suo
699 1638 755 1677 non
777 1618 921 1676 credendo
975 1619 1137 1694 eloquium,
1151 1625 1229 1682 sicut
1240 1633 1420 1698 praeacutum
1433 1627 1574 1684 vulnifica
1585 1628 1808 1703 charitatisspi-

99 1709 222 1784 repellit,
238 1708 388 1766 Christum
406 1709 525 1776 occidit,
541 1710 611 1781 quia
626 1709 713 1766 vitum
738 1726 755 1765 a
774 1709 919 1765 vivificato
934 1760 958 1823 B
976 1712 1088 1769 cuium.
1100 1728 1114 1765 n
1131 1714 1407 1787 Quiaveneratclus
1419 1717 1502 1783 hors,
1515 1730 1546 1773 uc
1558 1718 1696 1775 transiret
1707 1718 1807 1775 arboc

100 1801 237 1873 sejungit,
251 1804 280 1856 et
294 1799 432 1856 dentibus
454 1799 516 1856 suis
532 1804 680 1856 mortuum
699 1798 791 1855 laniat
812 1815 919 1870 corpus
977 1803 1088 1859 mundo
1100 1803 1136 1860 ad
1152 1804 1278 1872 Patrem,
1293 1827 1309 1856 »
1324 1805 1506 1877 quieveram
1526 1811 1588 1863 erat
1603 1809 1678 1879 quod
1691 1808 1808 1864 dicebat

100 1888 244 1953 sacrificii,
254 1893 402 1960 atquepcr
416 1887 471 1943 hoc
486 1904 554 1944 reus
565 1894 610 1944 est
625 1888 757 1960 corporis
768 1893 796 1945 et
807 1886 923 1961 sangui·
977 1890 1145 1961 discipulis,
1158 1915 1173 1944 ιι
1190 1909 1246 1965 quo
1263 1910 1317 1968 ego
1332 1896 1416 1966 vado,
1429 1913 1480 1952 vos
1497 1913 1555 1951 non
1571 1897 1696 1969 potestis
1706 1898 1806 1954 venire

101 1977 370 2050 nisDomini(fGor.
382 1976 502 2049 xr).Sed
515 1977 588 2033 dicit
601 1975 922 2034 aduersariuszvivens
976 1979 1070 2050 (tona.
1094 1982 1168 2053 ιιιιι).
1194 2002 1210 2030 »
1234 1982 1270 2037 nt
1290 1987 1374 2038 Petro
1398 1983 1505 2040 dicenti
1523 2000 1530 2037 ε
1548 2004 1562 2035 «
1583 1984 1719 2055 Domine,
1745 2002 1804 2057 quo

103 2076 127 2124 et
141 2065 293 2124 sensibilis
307 2066 338 2122 in
353 2082 472 2137 corpore
484 2082 538 2122 suo
554 2064 729 2138 mobilisque
744 2069 789 2122 est
804 2066 882 2123 Deus
896 2070 924 2122 et
977 2069 1086 2124 vadiet
1100 2071 1162 2136 Quo
1177 2086 1231 2143 cgc
1246 2071 1330 2140 vado,
1347 2072 1453 2144 iuquit,
1470 2089 1528 2128 nun
1550 2078 1634 2144 potes
1656 2090 1704 2129 me
1719 2074 1805 2146 sequi

106 2156 187 2213 bomo
205 2156 350 2212 Christus.
366 2155 480 2227 Corpus
493 2159 592 2211 antem
608 2155 744 2212 sacrificii
760 2155 851 2211 vitam
865 2172 922 2212 non
978 2157 1072 2229 (ihi.);
1089 2180 1103 2209 n
1119 2157 1201 2230 quia,
1217 2159 1348 2231 inquam,
1365 2177 1422 2216 nou
1447 2166 1558 2234 poterat
1576 2178 1645 2219 eum
1666 2167 1736 2218 tunc
1753 2179 1804 2220 sc-

106 2244 199 2313 hebet,
214 2260 337 2302 sensum
348 2260 405 2300 nou
422 2243 523 2309 babet,
540 2244 648 2301 mobile
660 2261 718 2300 non
730 2247 783 2301 est.
801 2243 860 2300 Huc
876 2261 925 2301 aa·
978 2246 1043 2319 qui,
1058 2246 1259 2305 hereditatem
1271 2248 1330 2305 illis
1345 2254 1560 2323 competentem
1577 2250 1721 2321 scribens,
1737 2252 1807 2309 visi-

106 2338 217 2405 snmpto
230 2333 381 2390 concludit
394 2332 437 2389 sic
450 2349 457 2388 ε
470 2354 484 2383 a
499 2336 612 2405 corpus
627 2332 718 2406 igitur
732 2332 850 2390 Domini
866 2350 923 2390 non
979 2335 1067 2393 bilem
1084 2336 1131 2393 sui
1142 2339 1315 2395 memoriam
1326 2340 1561 2396 commendabat.
1574 2341 1638 2396 Non
1648 2340 1726 2397 enim
1736 2342 1810 2398 Scri·

104 2427 154 2490 cst,
169 2422 304 2480 Christus
319 2438 377 2480 nou
393 2428 449 2478 est.
471 2443 485 2472 u
500 2422 544 2479 Ad
559 2422 631 2495 hac,
648 2424 780 2495 inquam,
803 2424 924 2480 obsecro
978 2429 1134 2498 pturarum
1150 2425 1242 2483 solam
1267 2428 1528 2485 commonitionem
1545 2431 1581 2485 ad
1598 2429 1653 2487 hoc
1675 2430 1810 2487 sufficere

104 2520 138 2586 te,
152 2532 240 2588 quam
261 2514 292 2571 iu
314 2531 434 2587 corpore
457 2515 573 2571 Domini
598 2515 686 2572 vitam
711 2515 861 2585 requirisf
875 2516 926 2572 list
975 2513 1140 2587 judicabat.
1156 2514 1337 2573 Obliuiosam
1353 2533 1482 2589 namque
1497 2523 1526 2574 et
1548 2534 1583 2573 ex
1598 2535 1704 2590 magna
1726 2524 1809 2592 parte

103 2605 175 2661 enim
190 2605 252 2661 rita
262 2604 411 2674 animalis,
423 2608 469 2661 est
483 2609 510 2660 ct
528 2604 587 2660 vita
597 2603 768 2675 spiritualis.
779 2603 925 2661 animatis
968 2601 1137 2675 ‚indocilem
1146 2605 1416 2676 agrotum,scilicet
1426 2622 1521 2678 genus
1533 2607 1809 2664 humanumcuran·

102 2693 300 2766 vitaquiuque
310 2693 447 2751 sensibus
457 2692 599 2765 fungitur,
609 2692 685 2759 visu,
696 2694 811 2765 auditu,
824 2699 925 2768 gustu,
980 2693 1050 2749 dum
1065 2700 1244 2766 susceperat.
1263 2695 1334 2751 fleca
1348 2694 1484 2752 videmus
1496 2699 1573 2768 eJ'us,
1589 2714 1654 2769 que
1670 2697 1699 2753 in
1714 2699 1808 2754 sacris

103 2786 222 2841 odoratu
245 2789 274 2841 et
289 2788 378 2840 tactu
393 2788 461 2840 Hac
486 2784 547 2840 vita
561 2783 699 2840 animalis
721 2787 776 2853 est,
800 2784 927 2841 carnalis
982 2781 1143 2855 Scripturis
1154 2790 1208 2852 est,
1219 2781 1402 2839 medicinalis
1412 2783 1577 2855 disciplinae
1588 2783 1806 2843 difficultatem.

103 2880 155 2942 est,
170 2890 238 2931 cero
260 2878 305 2930 eet
320 2890 327 2929 :
344 2896 359 2924 (ι
377 2874 522 2930 Dominus
545 2877 645 2930 autem
669 2872 753 2942 dicit,
768 2873 838 2946 quia
860 2890 927 2930 caro
982 2872 1076 2936 Quota
1091 2869 1169 2926 enim
1186 2887 1254 2942 pars
1269 2871 1361 2928 nostri
1376 2872 1453 2943 capit
1470 2871 1562 2940 illam,
1579 2889 1645 2945 quea
1664 2872 1694 2930 in
1705 2878 1806 2930 sancto

104 2979 158 3019 non
174 2964 292 3035 prodest
308 2963 470 3036 quidquam
484 2963 575 3033 (tono.
587 2963 649 3036 vir).
666 2983 680 3012 u
694 2962 725 3018 Si
737 2963 815 3019 enim
832 2963 930 3028 iudaei
982 2958 1136 3029 Evangelio
1146 2957 1322 3032 trag'rutiam
1333 2961 1453 3033 optimis
1464 2962 1807 3034 unguentis‚entidotum

105 3069 219 3110 cernam
235 3069 325 3124 quam
341 3053 560 3119 crucifixerunt,
577 3051 731 3109 concidere
745 3056 774 3110 et
788 3054 929 3110 devorare
983 3047 1145 3120 illudquod
1164 3049 1217 3104 sin
1234 3049 1378 3122 principio
1389 3055 1450 3106 erat
1461 3050 1599 3121 Verbum,
1613 3073 1626 3102 u
1641 3057 1718 3109 Deus
1728 3052 1807 3125 apud

105 3140 178 3198 sicut
192 3157 310 3198 carnem
327 3141 395 3215 agui
411 3142 588 3199 maluissent
601 3149 652 3199 aut
663 3141 829 3215 potuissent
850 3142 922 3197 inte·
944 3127 1084 3205 dueum,
1102 3154 1153 3211 per
1167 3138 1242 3209 quod
1265 3138 1363 3194 omnia
1376 3138 1460 3213 vfucta
1477 3144 1558 3209 sunt,
1575 3142 1714 3215 quodque
1740 3156 1808 3198 caru

105 3247 183 3304 gram
194 3232 348 3303 vivamque
358 3231 526 3299 ahsorbere,
540 3231 616 3288 sicui
627 3234 710 3288 cetus
721 3230 811 3288 marie
826 3232 925 3287 viven-
981 3226 1090 3283 factum
1107 3227 1279 3299 carrucas.
1294 3236 1328 3299 1.)
1339 3228 1410 3284 Nam
1422 3228 1494 3285 illud
1512 3229 1633 3302 quidem
1648 3232 1809 3299 ruminare,

20 3384 21 3387 Ἴ
108 3325 162 3375 tem
176 3321 326 3377 absorbuit
335 3320 442 3378 tunam
455 3322 528 3390 (fon.
541 3321 585 3393 n),
594 3320 667 3377 nihil
678 3321 738 3377 illis
753 3320 924 3393 profuisset,
981 3314 1095 3371 medela
1106 3320 1150 3371 cst
1160 3315 1378 3389 probatissima,
1390 3321 1418 3373 ei
1431 3317 1525 3375 dulcis
1534 3318 1671 3375 faucibus
1682 3319 1811 3375 amantis

109 3407 165 3463 imo
176 3410 273 3479 maiori
288 3409 441 3482 sacrilegio
452 3409 647 3466 conscientias
658 3425 729 3466 suas
740 3409 924 3482 polluissent.
979 3404 1154 3471 animemed
1168 3406 1361 3462 tantuscibus
1372 3406 1455 3463 valde
1467 3424 1629 3481 paucorum
1641 3414 1695 3465 est.
1710 3408 1814 3464 Prete-

110 3496 244 3553 Animalis
268 3498 359 3570 igitur
372 3498 442 3561 vite,
459 3498 611 3570 quiscere
635 3501 688 3566 ast,
703 3498 727 3555 si
752 3499 782 3553 in
805 3513 925 3570 corpure
980 3493 1189 3550 reameditatiu
1200 3493 1261 3550 bec
1272 3494 1364 3551 solius
1381 3496 1489 3553 mentis
1505 3496 1647 3568 pabulum
1657 3500 1710 3565 est,
1719 3496 1811 3553 solius

107 3586 217 3641 Domini
238 3588 365 3657 adesset,
381 3587 454 3643 nihil
472 3586 555 3642 nobis
576 3587 740 3659 prodesset,
754 3603 787 3642 ec
808 3591 926 3658 propter
980 3582 1085 3640 animes
1096 3583 1290 3640 sanctificatio
1301 3588 1357 3640 eat.
1374 3590 1412 3640 ut
1429 3584 1476 3641 ille
1495 3590 1656 3659 utrumqne
1677 3591 1812 3643 nostrum

107 3672 156 3729 hoc
171 3675 251 3731 illum
266 3675 414 3748 requirere
428 3674 609 3748 superfluum
625 3680 679 3731 est.
697 3679 771 3731 Nam
788 3675 857 3746 quid
872 3692 927 3730 coe·
981 3687 1088 3744 corpus
1098 3676 1127 3726 et
1135 3672 1266 3728 animam
1274 3673 1331 3729 sibi
1343 3673 1506 3746 astringere
1514 3675 1808 3747 ardebat,utrumque

107 3762 184 3819 lestis
194 3765 281 3821 homo
292 3781 343 3836 par
355 3764 533 3821 sacrificium
545 3764 662 3821 coeleale
673 3764 727 3821 boc
738 3764 928 3820 administra·
980 3761 1146 3827 infirmum,
1157 3760 1216 3817 imo
1228 3767 1389 3834 utrumque
1405 3768 1565 3833 mortuum,
1577 3765 1810 3821 immortalitatis

109 3857 149 3907 ret
168 3855 242 3925 quud
259 3853 345 3910 uobis
369 3868 429 3909 nou
443 3853 565 3909 deerat?
580 3853 642 3909 Non
667 3853 746 3910 euim
763 3853 925 3926 prudentie
982 3849 1194 3906 medicamento
1206 3865 1310 3905 sanare
1326 3851 1512 3922 properabat.
1528 3852 1810 3924 Magnaigiturcha·

109 3945 170 4015 ejus
180 3949 233 4011 est,
244 3942 446 4000 curiositatem
462 3947 593 4000 nostram
610 3961 667 4000 uon
685 3942 860 4001 necessariis
879 3961 926 4016 pa·
981 3939 1077 3995 ritatis
1092 3942 1153 3995 arte
1169 3940 1317 4010 pigmenta
1332 3955 1387 3995 sua
1402 3939 1453 3995 Dei
1468 3940 1612 4012 sapientia
1627 3941 1806 4014 composuit,

109 4048 184 4090 scere
207 4031 370 4089 miraculis.
389 4032 542 4097 Quaerebat
557 4032 612 4089 huc
632 4031 926 4100 curiosusiierodes,
982 4029 1091 4101 quibus
1106 4028 1296 4101 lethargicam
1309 4025 1807 4102 magniaegrotimentem,renova·

109 4120 572 4194 quandoeratcxmultoiempore
582 4122 927 4194 cupieneiesumvidere,
982 4123 1013 4175 ta
1027 4117 1155 4191 quotidie
1170 4134 1230 4175 sue
1246 4118 1652 4186 salutiseommcmuraiione,
1664 4120 1809 4193 percelle-

110 4210 176 4281 quia
185 4210 322 4282 sperabat
332 4210 449 4283 signum
460 4210 579 4282 aliquod
589 4211 625 4266 ab
636 4209 822 4283 acheriano.
834 4210 925 4284 xxru).
982 4213 1037 4278 ret,
1053 4213 1082 4264 et
1103 4208 1282 4265 infantilium
1301 4210 1471 4266 edentulam
1494 4209 1608 4282 plebem
1630 4212 1810 4284 animarum,

109 4298 184 4362 fluud
200 4299 268 4372 quie
283 4315 343 4356 nou
355 4298 432 4369 lecit,
447 4300 556 4373 sprevit
568 4298 665 4369 illum,
675 4304 705 4356 et
720 4299 835 4356 remisit
846 4300 928 4356 indu·
982 4314 1047 4370 que
1054 4296 1137 4353 Verbi
1145 4297 1294 4370 antiquict
1306 4298 1404 4355 eterni
1412 4297 1547 4372 principii
1557 4298 1686 4356 solidum
1698 4316 1812 4373 uoupo·

111 4395 169 4444 tum
191 4392 269 4444 reste
290 4387 368 4445 alba.
388 4387 486 4445 Solam
502 4405 570 4461 ergo
585 4388 675 4445 vitam
696 4388 880 4461 spiritualem
897 4388 926 4444 in
982 4386 1812 4461 terattercraetruminnrecibuurdulcissimohooliqun·

111 4476 245 4533 sacrificio
259 4476 345 4533 nobis
358 4476 566 4534 administrare
577 4476 825 4550 sapientiamclus
842 4478 927 4534 dece·
943 4473 968 4539 D
984 4474 1063 4531 mine
1073 4475 1213 4543 confecto,
1225 4475 1312 4532 Verbi
1323 4476 1455 4547 ejusdem
1472 4475 1673 4546 Divinitatem,
1685 4466 1831 4565 inponis(x

20 4630 21 4635 .
110 4565 166 4622 bet.
182 4566 216 4621 Et
229 4570 335 4623 nostre
351 4564 521 4623 necessitati
535 4565 792 4639 expediebal,quae
802 4571 848 4623 est
859 4583 927 4624 san·
982 4568 1012 4621 et
1026 4562 1085 4620 vini
1100 4569 1281 4621 sacramento
1292 4564 1435 4622 sorbilare
1449 4566 1680 4623 consuefaceret.
1697 4567 1811 4623 Aufera
1830 4568 1834 4577 “

20 4640 21 4647 ¹
111 4652 243 4709 ctificatio
261 4659 290 4711 et
304 4653 479 4721 benedictio,
496 4653 696 4711 misericordia
711 4661 740 4711 et
754 4656 930 4728 veritas,Ju-
983 4659 1058 4711 caetu
1075 4653 1207 4710 Ecclesia
1221 4654 1408 4726 quotidianas
1424 4653 1583 4711 salvatoris
1599 4657 1692 4712 nostri
1706 4654 1811 4727 buius·

112 4742 189 4798 stitia
200 4747 228 4799 et
237 4759 305 4816 pax.
322 4743 387 4800 Hac
402 4746 501 4800 autem
514 4744 578 4815 ejus
588 4745 647 4801 vita
657 4743 821 4815 spiritualis
833 4745 875 4801 sic
885 4750 931 4801 eat
984 4742 1064 4799 modi
1075 4742 1241 4814 exsequias,
1253 4743 1353 4801 stride
1363 4759 1450 4816 quem
1466 4745 1569 4802 merito
1585 4743 1664 4802 dicat
1678 4744 1811 4820 ipscSal·

112 4829 138 4885 in
151 4846 268 4904 corpore
283 4830 430 4900 sacrificii,
442 4831 554 4904 absque
566 4832 626 4888 vite
635 4833 699 4904 ejus
714 4832 844 4902 animali,
856 4849 930 4906 quo·
983 4835 1099 4901 satan«
1109 4848 1173 4904 que
1184 4831 1296 4888 utilitas
1306 4833 1336 4888 iu
1348 4834 1492 4905 sanguiue
1501 4849 1567 4890 mco
1577 4833 1590 4888 i
1602 4855 1617 4883 u
1626 4833 1813 4905 (Puniens.)

113 4921 196 4976 modu
211 4922 260 4979 lux
275 4922 347 4980 solis
368 4924 479 4995 absque
503 4924 555 4980 2⁰
567 4921 663 4980 calore
686 4923 795 4995 ajusto
811 4940 930 4997 corpore
985 4917 1201 4992 Refrigescentc
1217 4919 1295 4976 enim
1311 4937 1346 4977 ea
1360 4938 1427 4993 quas
1438 4921 1494 4977 hoc
1509 4922 1596 4978 modo
1613 4938 1692 4979 nuno
1704 4922 1814 4992 ubique

113 5008 188 5067 lune
206 5013 289 5070 nubis
312 5017 552 5086 representatur.
577 5012 672 5086 Igitur
695 5012 741 5069 bis
765 5014 875 5087 pariter
896 5030 931 5071 ex
985 5007 1148 5080 caletulus
1167 5008 1320 5075 memoria,
1335 5010 1656 5082 tfllritttscelunlvtrtt
1671 5010 1812 5075 charitat·

112 5100 380 5160 rebus'saerificium
391 5104 476 5161 uobis
487 5102 931 5177 constituitpoutifexsummus‚
987 5097 1139 5154 mulserit
1155 5096 1237 5165 fides,
1249 5097 1428 5156 vltudictbil
1438 5116 1515 5171 spes,
1532 5103 1680 5157 coalescet
1691 5113 1815 5170 magnus

20 5248 21 5251 Ἴ
111 5187 216 5256 quibus
230 5193 310 5246 tolus
325 5189 413 5246 homo
429 5195 590 5264 vegetatur,
606 5190 634 5245 id
652 5194 696 5247 est
710 5207 745 5247 er
759 5190 854 5248 Verbo
871 5193 931 5262 Dei,
986 5183 1037 5241 ille
1050 5184 1161 5243 clamor
1184 5187 1340 5260 sanguinis
1352 5187 1425 5257 justi
1446 5187 1515 5245 hbet
1532 5188 1610 5261 (Gen.
1626 5190 1677 5258 rr),
1693 5185 1744 5258 qui
1763 5202 1815 5260 per

111 5263 138 5320 in
154 5269 293 5338 quesivit
307 5271 394 5327 homo
410 5270 584 5344 (Destrui),
599 5274 672 5328 etex
683 5277 766 5327 terre
777 5271 932 5343 fructibus,
987 5276 1130 5331 traditum
1146 5275 1221 5332 tanti
1236 5275 1374 5333 sacrificii
1391 5277 1480 5333 ritum
1496 5274 1624 5348 quotidie
1635 5280 1751 5349 reparat
1765 5291 1816 5331 vo-

113 5354 218 5426 quibus
227 5359 323 5417 solnm
334 5360 403 5415 vivit
413 5360 736 5432 corpus‚hisduntaxat
745 5361 793 5433 qui
801 5362 932 5418 omnium
988 5382 1064 5432 cem,
1081 5365 1213 5437 quotidie
1228 5365 1308 5423 laxat
1322 5381 1355 5422 os
1371 5365 1511 5429 bibentis,
1526 5369 1555 5420 et
1565 5364 1753 5422 vociferantis
1764 5373 1818 5421 ter-

111 5444 198 5513 primi
214 5452 290 5504 sunt.
309 5448 397 5505 Panis
411 5448 489 5506 enim
512 5465 625 5514 eorum,
643 5464 705 5520 que
721 5448 757 5504 ad
782 5465 876 5523 esum,
892 5451 934 5508 vi·
990 5471 1039 5523 ra,
1056 5452 1170 5511 scilicet
1182 5454 1331 5522 Ecclesia,
1348 5454 1539 5511 maledictum
1553 5469 1717 5527 coarguens
1736 5454 1817 5520 cun,

114 5546 186 5588 num
200 5549 310 5606 sorum,
323 5552 388 5609 quse
400 5539 435 5592 ed
453 5543 554 5611 potrum
567 5536 724 5611 pertinent,
739 5537 868 5610 primum
879 5545 934 5598 est.
991 5548 1020 5600 et
1035 5549 1181 5600 maturam
1195 5543 1316 5617 indigns
1329 5543 1389 5600 fusi
1400 5542 1555 5615 sanguinis
1568 5541 1726 5601 vindictam
1738 5558 1820 5616 repo·

272 5656 406 5717 Parnon.
429 5656 546 5717 CLXX.
1680 5665 1698 5721 t
