3950 6034
131 240 192 301 817
634 239 871 305 utusuubtttt
894 240 943 301 DE
965 239 1043 304 SUA
1064 238 1352 306 GONVEDSlOllD.
1785 250 1845 314 ete

132 373 356 431 conversionem
373 374 623 447 invitas,digoum
640 375 759 433 omnino
774 375 966 448 ettna,cnjns
980 378 1007 447 Α
1022 377 1147 432 cautem.
1164 378 1240 432 Deus
1255 379 1354 432 autem
1365 378 1455 449 juste
1470 376 1622 450 petitionis
1637 379 1704 455 pius
1725 399 1843 457 semper

134 464 346 521 misericordie
372 483 430 523 noo
445 469 491 523 est
517 481 668 535 uumerus,
683 464 808 522 bonitati
822 469 867 520 est
895 480 966 520 eon·
1016 465 1178 531 exauditor,
1193 465 1242 521 diu
1259 465 1379 537 quidem
1394 467 1449 524 boo
1466 485 1561 527 meum
1577 469 1702 542 distulit,
1715 473 1765 530 sed
1782 490 1841 531 non

134 570 257 628 gruum,
275 559 303 610 ei
319 555 353 609 nd
371 555 424 610 bos
442 557 545 611 iratres
556 554 618 624 jnm
634 555 669 610 ad
686 561 714 610 te
729 570 780 626 per
793 553 962 610 distinctam
1016 552 1135 609 abstulit
1152 553 1342 620 desiderium,
1358 556 1437 627 quod
1454 560 1640 628 postmodum
1657 577 1717 618 non
1741 562 1838 619 solnm

135 643 337 716 poenitentiam
354 649 564 712 conversante
581 645 667 700 etiam
683 643 896 716 benignissima
912 643 963 699 mi·
1015 642 1148 715 implere,
1165 642 1317 699 sedetiam
1335 643 1530 717 amplioribus
1554 649 1729 720 gratiosus
1752 652 1838 708 dunis

135 732 283 789 seratione
293 738 344 789 tua
355 732 545 801 convertaris,
556 733 709 790 sicutatibi
722 731 961 806 perpropbetsm,
1014 732 1152 804 dignatus
1167 735 1212 788 est
1227 732 1423 800 accumulare,
1445 734 1522 792 sicut
1536 751 1633 792 rerum
1650 737 1742 795 exitus
1756 756 1838 799 cum·

134 822 304 894 promittere
316 823 509 895 dignutusss:
523 826 750 897 convertimini,
761 821 909 894 inquiens.
922 821 963 883 ud
1014 824 1153 893 probavit.

132 930 190 983 mc,
206 920 236 972 ct
249 929 305 991 epo
320 914 528 973 conventurae
542 930 590 974 uos
601 911 714 992 (chlt.
727 911 761 993 ι).
778 910 865 966 Juxta
875 913 961 982 cujus
1012 914 1086 973 Gar.
1097 912 1838 995 Vll.—Quomodoenmndporcntcsreuersnmlte

133 999 351 1071 promissionis,
368 1016 466 1057 vocem
484 1000 649 1056 triduanum
673 999 866 1056 Ninivitarum
889 999 959 1056 olim
1052 993 1205 1055 describi
1219 996 1248 1054 in
1263 998 1409 1056 custodem
1425 996 1582 1075 detepuerat
1596 1000 1793 1061 ammoverit.

134 1089 337 1163 poenitentiam
361 1089 528 1162 suscepisi,
542 1090 666 1160 jamque
689 1088 892 1145 imminentem
917 1090 960 1146 eis
1046 1090 1185 1148 Posthac
1196 1091 1836 1166 itaquepaschalisuperveniantetestivitats,

131 1180 254 1236 ultionis
271 1187 326 1233 tue
338 1177 468 1251 gladium
484 1177 631 1251 parcendo
643 1177 870 1234 misericorditer
880 1193 961 1234 ater·
1010 1178 1108 1235 debito
1122 1179 1193 1236 mibi
1210 1183 1394 1254 abepiscopo
1409 1182 1554 1248 restituto,
1566 1182 1601 1239 ad
1617 1181 1833 1255 Calontensem,

131 1267 197 1323 tisti
224 1267 300 1339 (lon.
329 1269 381 1332 nt),
411 1267 461 1321 tali
490 1266 604 1323 scilieet
628 1267 761 1336 exemplu
801 1267 959 1341 paterniter
1009 1269 1834 1344 ubimenebsrnmetropolim,unacumillnoemulumeo

126 1358 391 1428 ostendens,quam
409 1358 531 1429 patienti
547 1358 650 1415 affectu
664 1363 848 1431 peccatorum
866 1358 956 1432 pruni·
1007 1357 1108 1415 Judaeo
1124 1375 1190 1414 sum
1207 1375 1351 1416 reversus.
1369 1359 1452 1425 Quod
1468 1365 1501 1416 ut
1515 1360 1627 1418 dudum
1648 1362 1720 1418 mibi
1736 1362 1833 1420 iuerat

127 1448 249 1504 tentiam
266 1444 489 1518 etquesslntem
501 1447 706 1504 desiderante
718 1447 806 1514 enim,
820 1448 954 1520 Domine,
1008 1447 1215 1518 comminatus,
1227 1453 1382 1521 parentum
1398 1454 1426 1506 et
1442 1449 1606 1507 amicorum
1623 1466 1754 1508 meorum
1769 1452 1832 1510 suis

127 1536 230 1592 sunnis
244 1539 273 1591 et
289 1535 371 1591 mitis
386 1539 415 1592 et
430 1535 528 1592 multo
542 1536 740 1594 miserationis
754 1538 894 1594 omnibus
909 1537 954 1594 in·
1006 1551 1074 1607 erga
1097 1551 1143 1593 ms
1158 1537 1396 1594 ncousatlonibus
1419 1536 1582 1611 plurimum
1598 1538 1758 1596 iotlrmavit
1785 1541 1829 1597 at·

125 1625 300 1683 vocantibus
315 1631 343 1681 te
358 1623 448 1692 (Ptol.
467 1629 576 1690 uxxxvl.
589 1626 625 1681 st
642 1625 667 1682 si
679 1626 831 1693 omnibus,
842 1632 953 1700 quanto
1005 1625 1297 1698 leuluummsserens,
1308 1625 1588 1684 mecontraltuitnm
1605 1631 1685 1686 tenta
1692 1626 1834 1688 christia·

126 1717 223 1789 magis
238 1715 285 1772 bis
301 1715 392 1772 servis
405 1714 476 1782 tuis,
491 1731 550 1771 non
566 1713 744 1785 triduanam,
757 1721 788 1772 ut
800 1716 840 1772 illi
858 1734 951 1788 qnon-
966 1736 992 1802 B
1006 1715 1052 1772 nis
1063 1716 1261 1774 sedulitateao
1272 1715 1469 1774 familiaritate
1480 1717 1760 1792 subsannantium
1771 1737 1830 1778 uon

125 1808 194 1863 dam
210 1806 353 1872 Ninivita,
369 1805 419 1862 sed
436 1807 607 1862 continuam
621 1804 819 1878 poenitentiam
836 1807 950 1880 agenti·
1004 1806 1124 1864 ludens
1139 1807 1190 1863 sed
1206 1806 1391 1862 Christianus
1403 1804 1565 1863 existimari
1591 1809 1747 1880 potuerim,
1772 1810 1830 1866 nisi

124 1898 193 1964 bus,
210 1903 363 1969 atquepro
379 1899 546 1952 amersten
571 1912 629 1952 non
644 1894 740 1952 solnm
756 1898 899 1953 muudum
923 1903 950 1953 st
1004 1895 1145 1952 simulata
1160 1895 1267 1967 pietate
1282 1899 1434 1967 paternam
1459 1894 1631 1968 religionem
1650 1895 1750 1953 babitu
1766 1897 1829 1955 solo

123 2003 169 2050 ea,
186 2002 251 2058 qne
266 1985 295 2040 iu
313 1986 425 2041 mundo
438 1991 518 2056 snut,
533 2001 634 2041 terum
651 1985 750 2053 stiam,
767 1989 840 2058 quod
855 1985 948 2042 multo
1004 1986 1145 2042 mentitus
1166 1985 1300 2042 inissem.
1312 1985 1391 2042 Deus
1411 1990 1507 2042 antem
1525 1983 1669 2043 ultionum
1684 1986 1829 2044 Dominus

123 2073 274 2131 difficilius
295 2081 350 2146 est,
367 2076 541 2146 semetipsos
564 2075 594 2130 in
621 2074 702 2130 omni
726 2073 892 2130 bumilitate
920 2079 948 2133 at
1003 2074 1300 2147 (Prolxcruldignam
1318 2074 1422 2130 mcxci
1438 2074 1693 2148 pruhsumaligna
1707 2090 1826 2131 sconsa-

121 2165 285 2236 abjectione
308 2163 548 2235 despicientibus.
566 2165 639 2220 unm
658 2180 725 2236 ergo
749 2164 807 2219 ista
833 2179 948 2221 menum
1003 2162 1291 2220 tionssnuultionem
1301 2162 1437 2231 reddidit,
1449 2163 1615 2235 quodjuris
1624 2163 1825 2236 propheticam

120 2253 329 2327 gemebundus
354 2260 518 2321 tractarem,
534 2259 563 2309 et
587 2269 637 2324 pro
654 2253 714 2309 iliis
738 2252 947 2311 claustralibus
1002 2267 1102 2310 vocem
1118 2252 1229 2327 dupliei
1243 2267 1309 2309 uum
1326 2253 1499 2310 enutritione
1513 2251 1649 2309 contrivit
1663 2253 1729 2326 (lor.
1745 2253 1823 2325 xstt).

120 2343 352 2416 quodammodo,
364 2343 388 2399 si
405 2342 461 2400 dini
480 2343 523 2399 ius
540 2347 673 2409 seucum
685 2343 743 2399 Deo
755 2342 867 2412 jndicio
882 2359 948 2400 con·
1003 2342 1108 2397 Statim
1135 2358 1263 2413 namque
1290 2341 1371 2414 grani
1396 2341 1522 2397 inbrium
1544 2340 1644 2399 dolore
1671 2346 1824 2415 correptus

120 2434 284 2497 tenderem,
297 2432 417 2504 grandis
432 2433 572 2488 contiuno
582 2433 660 2488 cordi
672 2448 737 2488 meu
748 2432 784 2487 de
794 2432 948 2489 contrariis
1002 2427 1079 2484 inira
1094 2429 1261 2502 quindecim
1275 2430 1338 2486 diss
1353 2428 1423 2486 obiit
1436 2433 1464 2485 et
1479 2429 1598 2501 sponte
1613 2429 1824 2502 temporalibus

119 2529 208 2593 atque
219 2520 863 2578 diversisaseludnurnmetChristianorum
874 2520 947 2593 legis
1001 2518 1037 2574 ad
1048 2525 1173 2575 aeternos
1187 2519 1329 2592 gehennas
1342 2519 1489 2577 eruciatus
1505 2519 1659 2576 infeliciter
1675 2520 1822 2580 transisit.

119 2611 328 2685 ambiguitatis
344 2614 426 2668 ortus
440 2615 486 2667 est
499 2611 664 2683 scrupulus.
691 2610 766 2677 Quia
782 2610 861 2665 enim
879 2615 946 2678 Deo,
1001 2606 1049 2663 sis
1059 2608 1162 2680 iustus
1175 2608 1270 2665 ludex
1281 2608 1311 2665 iu
1323 2625 1382 2665 uno
1395 2609 1557 2681 eodemque
1567 2608 1643 2666 lacto
1654 2608 1822 2665 misericor·

122 2699 212 2771 enjus
227 2707 332 2756 natura
347 2700 475 2767 bouitas,
491 2700 576 2771 cnjus
587 2698 733 2770 iudicium
750 2699 949 2756 misericordia
994 2695 1078 2764 ,diam
1090 2696 1222 2754 exhibuit
1236 2702 1266 2753 et
1281 2697 1430 2755 toritatem
1443 2714 1450 2753 ι
1464 2697 1613 2754 veritatem
1625 2696 1757 2768 quidem,
1771 2696 1823 2754 de·

124 2789 295 2862 sst,optime
309 2788 445 2846 videbam
462 2803 631 2863 congruere,
645 2792 677 2844 ut
689 2787 782 2845 servis
792 2787 866 2859 stris,
881 2804 947 2846 vere
1001 2784 1078 2842 bites
1099 2785 1142 2842 illi
1157 2803 1208 2859 pro
1223 2786 1336 2844 meritis
1351 2803 1453 2860 peenas
1467 2785 1715 2859 recompensando
1731 2785 1821 2843 miso·

119 2879 207 2950 juxta
220 2893 320 2934 vorent
338 2876 441 2950 psalmi
458 2881 520 2933 tota
533 2877 580 2933 die
596 2892 648 2948 pru
659 2874 946 2934 semontitloautibus
1000 2874 1157 2933 rieordlam
1168 2883 1264 2932 autem
1281 2876 1375 2933 moab
1388 2873 1822 2934 illiusinsidiisetcriminatio·

119 2968 207 3039 (Prot.
231 2969 309 3038 xntrr)
327 2966 402 3023 vium
416 2966 548 3023 veritatis
573 2966 797 3034 demonstraret,
819 2965 945 3023 titubate
1000 2969 1088 3026 nibus
1102 2966 1265 3025 liberando.

121 3056 201 3113 intra
216 3073 262 3113 me
277 3056 350 3129 scapi
364 3060 393 3113 et
406 3055 588 3128 cogitare,ne
604 3054 809 3121 tortetnuaets
824 3056 945 3114 erranti·
1000 3058 1218 3123 cip,V111,-
1230 3054 1367 3132 Qualiter
1375 3055 1557 3117 triduanum
1564 3054 1685 3136 jejunio
1697 3073 1819 3137 proruo

118 3146 321 3217 insuperatam
330 3146 537 3202 mandatorum
548 3143 595 3201 Dei
608 3149 760 3201 currerent
769 3145 939 3211 Christiani,
962 3109 985 3178 c
1208 3137 1430 3199 illuminatione
1444 3134 1608 3215 ntfltnertt.

117 3234 449 3309 si,ioquiens,lsgalinm
466 3233 562 3290 adhue
577 3233 686 3290 rituum
703 3231 744 3289 illi
755 3234 939 3291 observantia
1030 3237 1089 3310 Dgo
1103 3238 1201 3293 sutem
1218 3240 1296 3292 tantu
1312 3234 1405 3307 magis
1419 3234 1456 3290 de
1479 3232 1530 3290 Dei
1546 3233 1652 3306 pietate
1675 3232 1816 3301 condano,

117 3324 258 3397 placeret,
271 3341 328 3381 oon
339 3326 411 3382 odeo
426 3325 597 3381 eorumdem
612 3324 813 3381 observatores
823 3324 939 3383 tunsos
994 3331 1102 3400 quanto
1117 3342 1182 3383 eam
1198 3325 1228 3382 in
1243 3324 1298 3381 bno
1314 3325 1425 3382 ineram
1441 3324 1621 3382 aecusatoris
1632 3325 1687 3380 mei
1704 3324 1815 3380 ultione

115 3414 216 3487 gratis
231 3430 291 3471 sus
306 3413 489 3471 destituisset
503 3411 621 3484 anxilio,
637 3418 671 3468 ut
684 3429 734 3470 eos
750 3411 938 3470 bunisomni·
993 3425 1138 3487 expertus,
1167 3415 1242 3487 osopi
1265 3415 1385 3483 iterum,
1408 3414 1485 3471 sieut
1506 3414 1589 3486 priua
1613 3413 1724 3472 crebris
1745 3428 1813 3471 sum

115 3503 335 3575 bospatriaque
350 3500 938 3575 proseriptosperomneotsrrenatlones
993 3504 1130 3579 precibus
1153 3501 1321 3573 implorare,
1338 3505 1371 3556 ut
1384 3501 1457 3558 mibi
1481 3500 1611 3558 veritatis
1633 3501 1815 3571 etiamsinon

114 3591 204 3665 lunga
222 3591 338 3665 lateque
359 3592 550 3666 dispergeret.
575 3593 637 3658 ono
661 3593 805 3649 cuntrssl
828 3597 936 3650 sectam
992 3598 1093 3650 sancto
1120 3591 1270 3666 quondam
1297 3588 1417 3647 Daniele
1442 3588 1522 3662 (Dnn.
1551 3590 1602 3662 vu)
1630 3590 1813 3648 somniorum

113 3682 288 3740 Christianae
314 3682 465 3756 religionis
494 3686 705 3751 exsecraretur,
730 3699 789 3739 nun
812 3699 862 3740 sus
886 3701 939 3756 per
993 3681 1142 3755 mysteria,
1169 3684 1313 3737 nocturno
1339 3678 1451 3736 visione
1479 3679 1651 3752 dignaretur
1675 3679 1811 3738 revelare.

115 3774 217 3830 orbem
233 3777 379 3828 terrarum
403 3773 433 3828 in
449 3777 562 3828 tautum
587 3771 705 3828 dilatari
729 3776 759 3827 st
781 3773 937 3830 contortari
993 3772 1132 3845 Djnsdsm
1158 3770 1248 3828 etism
1273 3768 1401 3826 Danielis
1426 3773 1545 3826 secutus
1573 3767 1737 3841 exemplum
1760 3785 1812 3843 pru

115 3866 275 3935 pateretur.
292 3864 324 3918 itt
351 3861 441 3933 hujus
463 3862 562 3933 itaque
577 3859 734 3917 dubietatis
758 3863 937 3921 constitutus
992 3861 1081 3933 hujus
1097 3859 1297 3919 ardentissimi
1313 3857 1452 3916 desiderii
1469 3857 1526 3915 mei
1542 3857 1746 3932 impetratione
1760 3857 1813 3914 tri·

114 3949 247 4021 ancipiti,
262 3966 320 4024 quo
339 3966 385 4007 nte
404 3956 556 4018 verterem,
567 3950 612 4006 cni
629 3965 676 4005 me
687 3948 874 4019 potissimum
885 3952 937 4009 ris
991 3952 1122 4008 duauum
1138 3950 1198 4007 Deo
1211 3948 1311 4006 devovi
1321 3948 1470 4022 jejunium
1487 3948 1571 4021 (Dnn.
1587 3948 1626 4020 tx)
1642 3945 1744 4004 Sciens
1758 3963 1812 4003 au·

113 4042 273 4108 crederem,
286 4038 716 4110 iuuertuseram,quodeornm
731 4038 936 4113 exitus,qnslis
990 4043 1050 4096 tem
1064 4038 1182 4097 ludaeos
1204 4042 1234 4096 et
1249 4037 1432 4095 Christianus
1462 4054 1521 4094 non
1548 4038 1681 4094 eamdem
1705 4034 1813 4109 jejunii

113 4134 203 4198 esset,
220 4131 336 4202 penitus
359 4129 541 4202 ignorabam.
558 4127 633 4184 Dum
662 4143 732 4202 ergo
757 4129 800 4186 siu
823 4130 936 4188 bareas
990 4127 1123 4201 regulam
1138 4134 1245 4199 tenere,
1257 4143 1324 4184 oum
1337 4125 1494 4184 Christiani
1510 4124 1726 4199 diebusjeJ‘unii
1741 4125 1814 4182 burs

114 4218 260 4275 maximas
275 4220 304 4276 iu
319 4219 405 4276 eorde
421 4233 486 4274 meo
500 4217 707 4274 dissidentium
723 4219 799 4275 inter
813 4236 844 4276 se
859 4222 937 4293 nogi-
990 4223 1235 4286 nonsvesosutes,
1247 4216 1440 4275 narniumesu
1456 4214 1737 4284 sustinetsustinet
1745 4231 1811 4272 vero

113 4310 259 4366 tatianum
279 4323 390 4379 pugnas
414 4308 602 4374 sustinerem,
626 4308 795 4364 recordatus
820 4325 933 4382 aarum,
989 4310 1025 4367 ad
1039 4325 1189 4382 vesperam
1198 4309 1390 4383 perdurantes
1399 4303 1809 4377 cunibusstqutbnsonnqns

113 4415 180 4473 quas
190 4400 299 4454 dudum
309 4399 345 4453 de
354 4396 542 4454 conversione
553 4395 628 4452 beati
635 4394 717 4453 Pauli
731 4397 933 4457 atibristianis
987 4398 1030 4457 eis
1046 4400 1121 4457 vesci
1129 4398 1243 4456 linitum
1259 4402 1312 4466 est,
1322 4401 1452 4467 utantur,
1467 4395 1598 4467 ignarus,
1609 4395 1687 4468 quud
1704 4394 1808 4451 borum

112 4493 175 4544 tam
184 4485 299 4543 olorinis
310 4502 400 4558 quam
411 4484 493 4542 lalois
504 4484 935 4559 audieram,quomodoscilioet
949 4481 973 4547 D
988 4489 1084 4562 magis
1097 4488 1156 4546 Deo
1175 4485 1313 4562 placeret,
1325 4484 1809 4557 tnutusronurntrumqussermrs

113 4574 189 4633 mira
204 4576 254 4633 Dei
271 4574 425 4632 elementia
444 4574 480 4631 ad
505 4573 594 4630 fldem
618 4573 791 4633 catbnliuam
813 4583 934 4638 venatus
988 4577 1217 4650 decreviltaqus
1232 4577 1356 4649 etjuxta
1369 4572 1599 4632 christianitatis
1610 4574 1699 4632 ritum
1714 4573 1808 4632 narni·

111 4664 248 4723 Eustasius
264 4665 351 4721 luerit
371 4663 541 4736 predicator
556 4668 585 4718 et
607 4670 808 4738 propugnator
821 4667 931 4725 consti·
988 4668 1044 4725 bus
1069 4666 1211 4734 abstinui,
1226 4666 1396 4722 iudeorum
1411 4679 1478 4721 tero
1493 4674 1573 4720 mors
1596 4662 1635 4720 ad
1659 4678 1809 4737 vesperam

110 4759 205 4825 tutus,
216 4770 304 4827 qnam
320 4752 851 4826 anteatyrannicalueratcrudeiitate
866 4772 934 4830 per·
989 4771 1084 4828 nsque
1107 4753 1253 4829 jejunium
1276 4752 1451 4827 protrahens
1467 4751 1580 4810 modico
1594 4767 1668 4825 pane
1682 4761 1710 4809 st
1731 4769 1810 4828 aqua

111 4849 232 4903 uentus
246 4847 321 4918 (Act.
338 4843 388 4917 rx),
403 4844 581 4900 totamnxad
597 4842 689 4900 Deum
707 4850 803 4902 mente
814 4862 933 4904 eonver-
987 4849 1145 4903 eontentns
1158 4843 1317 4918 permansi.
1333 4842 1376 4902 Db
1393 4841 1515 4899 nimiam
1530 4857 1647 4915 quoque
1671 4841 1809 4900 desiderii

113 4951 177 5003 sus,
192 4950 258 4990 sum
271 4950 338 4990 snm
354 4931 774 5008 lacrymabiliterdeprecatus,
785 4939 818 4992 ut
832 4937 857 4993 si
869 4936 933 5010 ipse
990 4933 1045 4993 mei
1054 4934 1220 4991 aviditatem
1231 4934 1520 4994 solitomematurius
1526 4934 1625 5008 sopori
1635 4935 1812 5002 transnanti·

111 5022 287 5082 christiane
300 5021 450 5095 religionis
466 5026 566 5077 auotor
578 5020 723 5093 existeret,
735 5022 807 5080 mibi
823 5024 878 5081 boc
887 5024 932 5082 sel
987 5026 1086 5082 vinam
1104 5023 1175 5081 mibi
1186 5024 1467 5094 consolationemeo,
1477 5042 1535 5099 qno
1546 5025 1697 5099 petieram,
1709 5024 1811 5083 ordine

112 5128 166 5186 per
179 5111 325 5169 occultam
341 5111 564 5183 inspirationem
588 5127 639 5167 ssu
656 5128 707 5184 per
721 5115 829 5171 somnii
843 5116 931 5173 visio·
987 5115 1144 5188 sperabam
1154 5114 1390 5173 adiuturamsed
1401 5114 1675 5172 trustrassnimvero
1684 5114 1810 5187 peccetis

111 5218 192 5271 nem,
203 5200 248 5258 vel
258 5206 345 5266 carte,
356 5200 434 5273 quod
450 5199 689 5257 efficacissimum
704 5202 932 5277 arbitrabar,per
988 5203 1063 5262 mels
1082 5204 1264 5274 exigentibus
1280 5205 1430 5262 ineassum
1446 5220 1502 5261 uox
1517 5202 1705 5260 illadstlnxit.
1715 5201 1808 5275 Unde,

110 5290 230 5363 siguum
246 5290 365 5363 aliquod
380 5287 496 5345 visibile
516 5287 665 5358 revelaret,
680 5293 710 5345 et
724 5292 774 5362 qni
798 5292 932 5351 Ecclesiae
986 5291 1056 5350 licet
1070 5292 1230 5366 plurimum
1245 5293 1358 5361 dolens,
1371 5293 1492 5348 minime
1503 5296 1598 5347 tamen
1610 5292 1639 5347 in
1654 5290 1808 5365 impatien-

108 5380 158 5455 [ad
175 5379 388 5452 Dentesielsue
402 5377 477 5436 ovile
500 5377 624 5434 Paulum
643 5379 732 5435 traxit
754 5381 919 5452 apostolum
987 5381 1060 5439 tiam
1089 5384 1218 5456 prorupi,
1246 5383 1317 5456 quin
1341 5382 1411 5447 imo,
1436 5379 1549 5451 exipsa
1577 5377 1714 5440 dilatione
1740 5398 1805 5441 meo

107 5468 199 5526 etiarn
214 5485 267 5526 suo
293 5469 413 5525 stimulo
428 5467 553 5540 superbe
564 5466 849 5535 recalcitrantem,ad
859 5470 930 5529 illud
985 5476 1134 5530 crescente
1148 5471 1373 5544 desiderio,lam
1384 5468 1464 5526 velut
1474 5468 1532 5526 diet
1543 5468 1649 5542 prioris
1659 5472 1806 5547 parcimo-

106 5575 155 5619 me
169 5559 351 5632 perduceret,
367 5556 430 5615 suis
445 5556 611 5615 humillime
627 5557 764 5630 precibus
778 5558 930 5633 obtemps·
984 5561 1064 5620 niam
1080 5565 1165 5619 tants
1175 5560 1216 5619 roi
1227 5559 1432 5633 impetratione
1440 5558 1591 5636 indignam
1602 5561 1804 5636 reputans,illo
