3950 6034
98 211 139 272 ἢ)
652 207 821 270 adunati
842 208 1009 272 ABBATlS
1029 212 1255 277 i'ill'llhlisls
1767 213 1808 275 2⁸

100 343 185 413 lium,
197 352 323 414 quorum
338 339 384 397 lex
397 342 528 411 tempora
545 338 633 411 prior,
650 337 839 413 Evangelium
853 355 921 396 vero
936 343 962 409 A
978 343 1065 413 eujus
1080 347 1142 400 tota
1154 345 1214 402 vita
1231 346 1372 402 continua
1383 361 1434 417 pro
1447 344 1534 401 uobis
1547 346 1577 400 et
1587 359 1702 417 parpes,
1715 345 1809 402 oratio

100 430 243 504 dignitate
257 430 351 501 majus
365 433 419 486 est.
434 428 498 485 Heu
508 427 749 500 namquesalutis
760 428 924 486 ministeria
977 430 1111 504 luitque
1127 438 1156 490 et
1169 435 1344 507 designatur
1359 435 1389 489 in
1414 433 1588 506 Apocalypsi
1615 449 1666 504 per
1689 433 1806 489 luorum

96 520 228 580 Salvator
242 520 366 588 invexit,
383 518 433 590 qui
458 517 646 589 Evangelium
671 517 791 589 quidem
812 517 923 585 attulit,
981 527 1160 590 aromatum,
1171 523 1222 595 qui
1238 521 1371 580 aseendit
1384 524 1413 580 iu
1429 529 1587 595 conspeetu
1602 521 1652 578 Dei
1667 521 1703 577 de
1718 539 1808 578 manu

97 610 190 683 legera
201 625 269 665 veru
278 624 337 664 oon
353 606 475 674 solvere,
489 606 539 663 aad
548 604 708 679 adimplere
720 606 799 662 venit
809 606 921 679 (Molli.
977 610 1073 681 angeli
1090 609 1184 683 (Aper,
1206 618 1278 676 vrri).
1294 616 1388 668 Homo
1409 626 1537 682 namque
1560 627 1658 678 verus,
1675 609 1808 683 passioni

98 701 137 771 v).
151 699 203 755 Isti
216 705 287 755 suut
302 698 361 753 duo
375 698 464 770 pedes
479 696 589 768 angeli,
599 694 649 767 qui
666 699 798 768 utsupra
812 696 923 752 dietum
979 704 1096 770 propter
1115 717 1169 757 nos
1186 702 1353 757 destinatus
1367 702 1452 771 eujus
1468 700 1517 755 illa
1531 716 1585 756 vox
1600 708 1662 756 est:
1690 722 1700 751 ι
1718 699 1808 757 Holo-

100 794 160 845 est:
170 786 365 847 Descenditda
375 783 579 842 coeluamiotus
590 785 925 857 nube‚etposuilpedam
978 792 1176 861 nauatumpro
1188 794 1305 863 peceato
1319 806 1375 846 noa
1391 788 1557 862 postulasti,
1566 795 1636 846 tuna
1646 790 1704 846 dixi
1717 805 1724 845 :
1738 794 1808 848 lluaa

101 879 237 935 dextrum
248 893 335 933 suum
351 891 440 947 supra
455 874 706 937 maro‚sinistrum
717 890 806 945 super
817 880 924 931 terram
978 878 1062 934 venio
1077 880 1162 950 (Psoi.
1177 879 1302 951 ararat»
1314 894 1432 950 semper
1444 878 1561 935 unitum
1578 880 1635 935 sihi
1653 895 1704 950 pro
1720 880 1806 936 nohis

99 968 192 1041 (ripae,
208 966 247 1039 a).
264 965 376 1037 hegalis
390 963 467 1020 enim
493 962 654 1034 moralitas,
670 963 782 1020 Joauae
798 964 926 1035 Baptista
978 967 1213 1024 orahatVsrhum
1225 968 1349 1035 Domini,
1361 967 1534 1040 Patremque
1545 968 1725 1041 etSpiritum
1738 985 1809 1024 san·

101 1059 144 1114 val
163 1057 225 1128 ipso
242 1055 366 1112 Domino
391 1056 523 1121 docente,
546 1054 736 1126 tranquillius
758 1053 857 1109 audita
880 1057 926 1110 est
978 1064 1056 1110 atum
1073 1059 1103 1111 et
1118 1060 1150 1112 ut
1175 1057 1216 1111 ait
1239 1056 1406 1128 Apostolus,
1432 1057 1464 1111 in
1489 1056 1596 1112 diebus
1624 1056 1725 1113 earnis
1746 1072 1814 1114 suaa'

100 1147 178 1218 (Lao.
189 1146 229 1216 ιιι)
240 1151 343 1201 eontra
357 1141 556 1216 evangelicam
567 1158 633 1198 varo
645 1140 827 1215 dignitatern,
841 1141 926 1198 idest
979 1159 1079 1215 prauos
1089 1144 1381 1216 supplioationasque
1396 1147 1431 1200 ad
1444 1146 1614 1215 Dominum,
1624 1145 1674 1218 qui
1692 1144 1808 1201 salvum

102 1236 286 1291 rnauiieatarn
302 1232 370 1288 fidei
382 1230 559 1299 doetriuam,
571 1231 650 1287 verbi
665 1230 757 1302 gratia
767 1246 834 1287 cum
848 1230 926 1287 dios·
979 1230 1062 1288 illum
1080 1240 1178 1306 posset
1191 1235 1286 1291 lauare
1302 1251 1318 1289 a
1335 1239 1432 1301 morte,
1448 1250 1516 1290 cum
1532 1233 1660 1291 elamore
1674 1235 1771 1291 valido
1781 1238 1810 1291 et

101 1328 162 1380 rat:
180 1345 194 1373 «ι
210 1322 313 1394 lignei
329 1321 412 1377 Pater
436 1335 529 1375 uuum
551 1335 656 1377 sumus
671 1320 760 1391 (loon.
776 1319 825 1392 x);
841 1340 856 1370 »
872 1319 924 1375 lit:
978 1319 1116 1394 lacrymis
1130 1323 1265 1389 offerens,
1281 1323 1437 1379 exauditus
1453 1327 1498 1378 est
1513 1338 1564 1394 pro
1580 1340 1634 1379 sua
1646 1325 1810 1380 reverentia

104 1435 118 1464 α
135 1414 299 1483 Antequam
314 1409 463 1471 Abraham
479 1409 562 1466 fleret
584 1424 638 1481 ego
652 1424 718 1465 sum
740 1412 833 1477 (loon.
852 1407 924 1481 rur),
980 1409 1072 1482 (Heir.
1094 1412 1131 1484 v).
1149 1433 1163 1460 a
1188 1413 1281 1478 Quam
1301 1413 1363 1481 eJus
1386 1412 1548 1468 orationem
1574 1412 1648 1468 hene
1674 1412 1807 1483 psalmus

101 1500 188 1557 veluti
201 1497 348 1556 mirabiles
361 1497 502 1555 elationes
518 1499 609 1555 maria
624 1497 740 1555 dunaal
752 1498 826 1555 lalsu
839 1497 926 1554 eorda
979 1500 1123 1573 septimus
1139 1500 1247 1569 innuit,
1259 1501 1345 1572 aulus
1359 1499 1464 1556 titulus
1479 1501 1666 1557 inscribitur:
1682 1502 1810 1558 Psotmos

101 1594 276 1646 tumuerunt
290 1587 378 1661 (Prot.
394 1590 491 1660 scau).
504 1586 708 1644 Subdiaoonos
722 1604 838 1659 quoque
853 1603 927 1660 pra·
979 1587 1037 1659 ipre
1050 1588 1146 1660 llooid,
1161 1604 1241 1661 quem
1260 1588 1383 1645 cantauit
1407 1590 1519 1645 Domino
1533 1604 1583 1660 pro
1611 1589 1703 1645 untia
1727 1591 1809 1661 cusi,

102 1681 159 1735 lert
174 1683 285 1735 textum
297 1677 455 1750 Evangelii,
471 1677 541 1749 quia
556 1677 685 1749 prolecto
697 1675 742 1734 lex
759 1676 924 1733 testimonia
938 1707 965 1773 Β
981 1677 1063 1734 idest
1070 1677 1346 1750 AEthyopis,suiliuet
1356 1677 1484 1733 malilosi
1495 1676 1665 1750 populi,qui
1671 1679 1730 1748 jam
1741 1694 1809 1734 uum

103 1766 443 1831 eontinetGhristi‚siuut
456 1766 722 1838 ipsedioitiudasis
735 1782 741 1822 :
755 1765 810 1823 «Si
822 1766 923 1823 erede·
979 1767 1091 1823 Herode
1104 1766 1149 1822 vel
1166 1769 1232 1839 post
1254 1765 1395 1823 Herodem
1411 1767 1494 1822 illum
1524 1768 1667 1837 persecuti
1692 1772 1761 1823 sunt
1780 1772 1810 1825 ot

104 1854 174 1913 retis
190 1855 273 1924 hlosi,
284 1854 441 1911 proderetis
456 1854 578 1911 forsitan
589 1854 711 1912 etmihi.
724 1855 767 1912 De
782 1871 828 1912 me
844 1856 924 1912 enim
981 1856 1110 1912 maxime
1122 1856 1335 1912 phariseorum
1352 1856 1433 1926 (tar.
1449 1856 1522 1926 arri),
1537 1855 1589 1927 qui
1605 1860 1638 1912 ut
1654 1855 1721 1913 mali
1736 1857 1812 1929 agri·

103 1944 154 2001 ille
165 1944 380 2018 scripsitilooo.
393 1947 429 2016 v).
441 1966 457 1995 u
473 1944 571 2000 Portet
580 1960 648 2001 varo
657 1943 791 2001 olausum
801 1945 872 2016 quia
881 1943 926 2000 vl·
980 1943 1050 2001 oola
1061 1943 1149 2000 vinea
1161 1944 1273 2001 Domini
1283 1944 1435 2001 dixerunt:
1447 1966 1461 1995 α
1470 1945 1521 2000 Hie
1532 1949 1578 2001 est
1588 1944 1692 2013 hares,
1702 1946 1808 2016 venite,

105 2033 928 2107 dalioetaolequamAgnusuouisusaperuissetslgnaoula
982 2032 1809 2107 oooidumusaum,etuostraerithaereditasilioltt.xxr).»

104 2129 229 2198 septam,
245 2122 379 2181 plausum
395 2128 458 2180 erat
472 2122 503 2179 iu
516 2122 591 2180 lihro
614 2121 688 2195 lagia
709 2127 927 2181 saoramsntum
982 2122 1064 2187 Quod
1079 2126 1176 2179 autem
1191 2121 1221 2177 in
1238 2122 1295 2179 ilua
1309 2121 1451 2179 orationis
1466 2123 1656 2196 subjungitur
1671 2140 1677 2178 ι
1691 2129 1744 2181 Per
1754 2129 1813 2180 ilo·

106 2216 171 2285 ejus
187 2212 332 2284 passionis
347 2212 438 2284 (Apus.
454 2213 492 2281 v).
984 2210 1092 2267 mirum
1114 2216 1252 2278 nostrum,
1268 2226 1301 2267 ao
1323 2216 1456 2285 respectu
1488 2212 1532 2279 fit,
1563 2212 1642 2284 quod
1668 2213 1811 2269 Dominus

399 2298 516 2356 CAPUT
534 2298 632 2357 xllx.
984 2299 1327 2370 uoaterJesusChrislus,
1344 2300 1487 2357 mediator
1496 2303 1541 2356 est
1550 2301 1597 2356 Dei
1608 2300 1810 2368 ethomiuum,

430 2391 470 2445 lle
482 2392 603 2446 incenso.
984 2393 1014 2446 st
1030 2388 1213 2461 impossihile
1231 2394 1276 2445 esi
1289 2393 1398 2445 aterna
1423 2388 1472 2445 Dei
1497 2389 1637 2445 henefiois
1650 2405 1701 2460 par
1718 2389 1808 2445 aliam

138 2480 294 2552 Ingressus
304 2478 583 2551 argosaoardus,uhi
594 2477 789 2536 sanotoaltari
800 2479 931 2552 assistit,
984 2478 1063 2535 viam
1079 2478 1233 2534 deaut-rare
1247 2478 1284 2535 ad
1298 2494 1351 2534 nos
1367 2494 1454 2552 quam
1470 2493 1521 2550 per
1534 2478 1641 2549 ipsum.
1651 2478 1702 2534 Par
1712 2479 1809 2550 ipsum

103 2566 286 2625 thuribulam
298 2567 324 2624 ai
339 2566 391 2640 qui
401 2566 775 2634 iuuansumsdoleat‚datur
788 2568 818 2624 iu
829 2586 931 2627 manu·
986 2583 1054 2637 argo
1070 2566 1198 2639 petimus
1214 2572 1243 2624 et
1267 2568 1469 2638 impetramus,
1490 2568 1567 2624 siout
1582 2583 1658 2638 sape
1674 2582 1726 2639 par
1749 2582 1812 2623 me·

104 2657 177 2713 Nam
189 2656 704 2730 prediatus«augelusprsioutinalia
714 2657 933 2733 parioohaApo·
986 2656 1114 2713 dientem
1131 2654 1253 2712 eristalli
1267 2654 1396 2729 lapidem
1411 2656 1575 2727 subjectam
1591 2671 1701 2724 aarum,
1716 2673 1734 2711 a
1747 2654 1812 2712 lon·

107 2744 401 2820 oulypssoslagimus,
411 2767 426 2796 a
438 2745 936 2817 statitjuataaram,hahensthuri.
987 2746 1099 2818 giuquo
1109 2744 1169 2802 sole
1179 2745 1326 2803 uoelsstem
1338 2752 1510 2802 mutuamus
1524 2746 1633 2818 ignom.
1645 2744 1707 2803 Huo
1719 2761 1813 2817 usqua

106 2835 210 2891 bulum
225 2850 348 2892 aureum
364 2834 393 2890 io
410 2851 499 2891 manu
515 2836 669 2906 suailpoc.
685 2835 759 2908 viu),
775 2858 790 2887 u
805 2836 875 2893 dum
898 2837 930 2893 in
990 2835 1813 2908 missainitiumquoddiaiturintroitus,oommemoraus

107 2933 264 2996 conspeetu
286 2922 421 2980 dantesie
435 2939 465 2980 se
479 2924 605 2980 ostendit
620 2925 669 2981 Dei
693 2923 797 2997 Filius,
822 2926 934 2983 hahens
990 2924 1076 2982 nobis
1087 2925 1237 2982 introitum
1248 2924 1404 2982 salvatoris
1417 2925 1447 2981 in
1464 2927 1542 2981 huno
1556 2926 1712 2994 mundum,
1727 2924 1814 2982 idest

110 3011 333 3070 immaculatum
349 3029 466 3084 corpus,
485 3013 562 3084 quod
579 3017 608 3069 ot
621 3012 757 3084 implevit
771 3014 848 3086 igne,
864 3016 935 3087 quia
949 3052 973 3122 G
991 3030 1008 3070 a
1024 3013 1174 3071 nativitate
1189 3014 1254 3086 ejus
1272 3016 1416 3087 usquead
1432 3015 1552 3072 ioannis
1576 3014 1812 3087 prodioatiouem

107 3099 299 3173 corporaliter
315 3100 420 3171 inipso
433 3100 612 3173 septiformis
625 3103 749 3174 Spiritus
761 3105 854 3161 sanati
870 3121 936 3178 gra·
991 3102 1107 3175 quando
1117 3102 1282 3175 baptizatus
1292 3102 1354 3174 ipse
1364 3108 1393 3159 et
1402 3103 1813 3177 oransquadraginladierum

107 3191 149 3247 tie
163 3190 303 3263 requievit
316 3190 385 3264 (Col.
402 3189 576 3263 atiniarum
592 3191 699 3248 phoras
713 3193 842 3249 concinit
852 3196 937 3268 llyrie
986 3191 1137 3263 lejunium
1152 3190 1308 3248 celebravit
1324 3190 1432 3260 (tarro.
1449 3194 1498 3263 ιν).

106 3279 318 3352 elepror,quod
329 3279 587 3353 significatumnas
603 3280 783 3338 universales
800 3282 935 3341 llaolssia
1276 3280 1393 3338 CAPUT
1411 3282 1522 3347 xxiiii,

113 3383 223 3439 preces,
239 3382 304 3439 quas
328 3369 399 3422 suut
412 3366 533 3422 inpensa
546 3383 625 3437 vera,
640 3368 677 3424 da
697 3367 806 3440 quihus
824 3369 935 3427 ibidem
1315 3371 1351 3426 De
1364 3371 1490 3442 epistola.

108 3456 234 3512 dieitur:
251 3476 266 3507 α
281 3455 355 3511 Data
368 3458 437 3511 sunt
450 3455 477 3512 ai
497 3455 617 3512 incensu
632 3455 735 3527 multa,
751 3463 784 3514 ut
799 3459 882 3516 daret
898 3460 937 3516 da
1027 3461 1155 3532 Epistola
1171 3478 1326 3534 personam
1347 3478 1452 3535 gerens
1468 3462 1540 3534 legis
1552 3466 1582 3519 et
1603 3463 1811 3535 prophetarum

103 3544 936 3619 orationihussanatorumomniumsuperaltarsaureum,
991 3546 1813 3624 praeaurslonisdehitumagitolfioiamantesanotumilhi-

104 3634 184 3706 quod
201 3638 246 3690 θθῑ
260 3638 327 3689 uult
342 3633 482 3689 thronum
499 3633 547 3689 ὓθὶ
564 3632 662 3705 (spor.
677 3635 750 3706 ”llll
764 3656 779 3686 s
991 3640 1029 3697 sti
1045 3639 1243 3711 Evangelium.
1261 3641 1316 3696 Las
1331 3639 1408 3694 enim
1424 3653 1476 3710 par
1491 3652 1611 3692 manum
1625 3635 1698 3691 Mosi
1714 3634 1812 3690 inian-

410 3721 524 3778 GAPUT
543 3720 631 3779 XXX.
991 3736 1049 3785 tem
1065 3727 1116 3784 Dei
1132 3725 1371 3799 populum‚relut
1388 3725 1574 3797 pedagogus,
1585 3723 1811 3780 custodiendum
1916 3738 1919 3741 ·

322 3811 360 3867 De
377 3832 392 3862 a
410 3809 502 3868 Gloria
518 3809 692 3869 inexcepta.
708 3835 723 3865 a
991 3814 1166 3886 suscipiens,
1189 3816 1319 3870 futurum
1343 3812 1450 3868 Christi
1467 3813 1624 3869 adveutum
1647 3817 1814 3883 exspectare

144 3901 210 3959 Mos
225 3900 359 3973 sequitur
383 3898 512 3972 hymnus
528 3899 622 3958 Gloria
639 3900 670 3957 io
698 3905 827 3973 excelsis,
849 3922 938 3977 quam
992 3904 1101 3971 donuit,
1113 3908 1141 3959 et
1154 3919 1205 3975 per
1218 3905 1270 3959 u
1282 3918 1313 3957 os
1325 3901 1508 3973 digitumque
1523 3901 1727 3973 loannis,jam
1744 3918 1815 3972 prrs-

110 3996 147 4051 ah
158 4009 207 4049 ora
222 3992 391 4068 angelorum
410 3992 538 4052 Eculesia
552 3996 653 4047 saneta
669 3996 775 4069 rspuit.
787 3994 839 4050 ilio
852 3993 939 4068 hym·
991 3996 1103 4050 sentem
1115 3990 1265 4047 Christum
1279 3990 1373 4046 eidem
1390 3991 1510 4045 alumno
1525 4006 1578 4046 suo
1588 3991 1651 4060 jam
1667 3991 1815 4056 eduliumi

111 4099 166 4140 uua
182 4092 208 4140 el
223 4083 394 4157 augelorum
409 4091 453 4140 ast
467 4090 497 4141 el
511 4083 675 4142 hominurn.
692 4085 822 4142 Primum
838 4089 938 4141 autam
992 4098 1058 4139 sum
1078 4084 1262 4152 aequaretur,
1287 4079 1426 4135 indicavit
1448 4078 1554 4150 (hatita
1578 4095 1629 4146 ιιι;
1652 4080 1733 4136 lours.
1758 4080 1813 4149 ιιι).

109 4170 280 4243 augelorum
295 4171 564 4246 congratulantium
575 4174 653 4246 quod
670 4178 739 4231 nato
750 4174 874 4232 Domino
890 4188 941 4231 ao-
992 4172 1142 4228 Prauassit
1152 4185 1280 4242 numqua
1294 4168 1621 4241 laxovaugelium,sirut
1632 4168 1712 4241 virga
1722 4169 1816 4241 Spiri-

110 4260 494 4332 uensaJamesselluoeraa
517 4262 682 4319 ularissima
697 4263 775 4334 (Lar.
804 4264 847 4333 ιι),
871 4277 939 4318 eum
992 4264 1055 4317 tum
1071 4257 1318 4326 mansuetudinis,
1333 4257 1411 4313 siout
1433 4258 1521 4314 timor
1544 4256 1711 4314 aharitatam
1737 4257 1815 4315 siout

110 4367 167 4423 quo
177 4349 240 4407 sina
250 4349 339 4407 dubio
354 4350 496 4423 perditam
506 4351 678 4408 draohmam
693 4352 847 4409 inventura
856 4341 940 4408 assat
992 4347 1110 4405 initium
1124 4345 1343 4418 portentionam,
1354 4346 1431 4401 sicut
1441 4344 1621 4401 dominantis
1636 4348 1814 4417 praereptum

111 4444 219 4496 aterna
247 4439 393 4511 sapientia
420 4438 496 4513 (Lao.
521 4442 579 4512 ar).
601 4440 671 4496 lude
694 4439 843 4513 estquod
872 4439 934 4509 jam
951 4424 974 4490 D
990 4432 1655 4511 praeoaditamantiseonsilium.lipistolavaro
1669 4451 1725 4490 vox
1740 4434 1815 4506 legis

112 4533 349 4602 praeoccupantes
360 4527 503 4586 diouutza
515 4530 548 4586 ill
563 4530 593 4585 in
608 4533 686 4585 terra
701 4526 936 4600 paxhomialbus
991 4533 1132 4596 est,suam
1143 4524 1172 4580 iu
1183 4523 1326 4581 loannem
1337 4522 1588 4594 imperiaotlonem
1599 4522 1776 4594 profitentis,
1788 4529 1816 4578 et

111 4618 194 4674 honru
209 4618 372 4676 uoluntatis
387 4619 464 4692 (Lac.
480 4624 526 4688 ιι),
541 4638 555 4669 a
570 4618 640 4692 quia
658 4634 759 4691 paoem
775 4634 857 4675 nemo
871 4633 936 4674 om·
991 4614 1029 4671 ad
1045 4611 1248 4687 perlectionem
1262 4610 1459 4683 evangelioam
1471 4626 1542 4667 suos
1557 4610 1706 4666 auditores
1721 4613 1817 4665 trana-

113 4708 267 4780 aium,qui
277 4713 349 4765 sunt
360 4708 481 4775 incaelo,
491 4708 590 4781 volqui
602 4708 706 4764 subtus
722 4712 830 4764 terram
840 4707 934 4778 (ipos.
992 4702 1144 4760 mittentia.
1160 4699 1298 4766 Quamvis
1313 4704 1412 4756 autam
1432 4715 1510 4773 sapa
1525 4699 1561 4756 ds
1575 4699 1746 4771 apostolicis
1762 4715 1816 4755 su·

111 4800 151 4870 v),
162 4802 275 4871 poterat
289 4800 383 4855 iacere
398 4796 474 4854 inter
489 4803 579 4854 Deum
589 4801 619 4853 at
634 4794 767 4852 homines
781 4794 829 4850 hia
844 4796 937 4851 laetor
991 4795 1089 4847 matur
1104 4789 1221 4857 litteris,
1232 4794 1330 4845 tamen
1344 4787 1376 4844 in
1389 4802 1423 4844 so
1437 4785 1531 4859 gradu
1547 4790 1602 4856 est,
1612 4802 1646 4842 aa
1660 4785 1686 4842 si
1701 4801 1817 4859 semper

112 4888 245 4944 omnium
260 4892 348 4955 Deus,
364 4892 481 4959 propter
491 4885 626 4942 homines
641 4882 728 4940 homo
739 4884 844 4953 lautus,
854 4883 936 4955 jam·
990 4878 1156 4952 delegasit
1171 4882 1201 4935 et
1216 4877 1374 4951 prophetis.
1391 4876 1512 4949 Semper
1525 4874 1605 4933 enim
1621 4875 1816 4933 moralitatem

108 4976 171 5048 jam
188 4976 318 5033 lauturus
333 4981 410 5033 esset
423 4976 452 5032 in
467 4989 553 5031 carne
569 4989 635 5044 sua,
649 4970 743 5029 soluto
758 4971 867 5045 parieta
878 4972 935 5028 ial-
990 4969 1274 5043 vitamqueautivam
1285 4967 1379 5041 magis
1389 4983 1476 5039 quam
1488 4963 1818 5038 contemplativaesubli·

115 5065 292 5125 micitiarum
313 5066 422 5140 (Epist.
439 5065 482 5136 ιι).
777 5097 781 5107 »
992 5059 1135 5125 mitatem,
1147 5075 1212 5131 quaa
1226 5057 1257 5113 in
1274 5054 1432 5130 Evangelio
1449 5054 1553 5123 radiat,
1570 5054 1729 5126 apostoliea
1742 5070 1817 5127 quo·

409 5153 528 5210 CAPUT
545 5151 642 5210 XXXI.
991 5163 1046 5221 que
1062 5147 1146 5205 lectio
1162 5144 1283 5204 instruit
1294 5150 1324 5203 et
1339 5145 1503 5217 dispensat.
1520 5142 1648 5214 Epistula
1662 5157 1730 5199 varo
1743 5143 1818 5199 Gra·

437 5243 474 5300 ue
487 5243 611 5299 collecto.
990 5254 1032 5309 ue,
1066 5236 1156 5295 latius
1180 5238 1287 5294 dicitur
1317 5236 1505 5308 supermissio,
1530 5232 1576 5289 val
1602 5232 1816 5305 supererogatio.

148 5341 216 5407 Quae
240 5341 307 5410 post
321 5334 382 5391 haee
398 5337 564 5405 sequuntur
578 5330 735 5397 orationes,
752 5347 770 5387 a
784 5331 935 5389 sacerdota
991 5328 1072 5394 Quod
1083 5342 1188 5386 nomeu
1200 5323 1420 5397 beneuongruit
1430 5321 1536 5379 litteris
1546 5320 1716 5392 apostolicis
1727 5341 1735 5391 ;
1748 5320 1819 5393 quia

113 5422 456 5498 salutationepraemlasa,
468 5435 616 5494 perquam
627 5420 730 5478 attenti
743 5419 936 5479 dantaudilo-
988 5415 1124 5475 videlieet
1138 5415 1293 5488 Evangelio
1313 5412 1423 5471 Christi
1439 5419 1655 5484 supererogata
1675 5415 1756 5467 sunt.
1771 5410 1820 5505 Si:

112 5533 171 5592 res,
186 5513 351 5575 seeundum
374 5509 520 5570 orationes
534 5509 674 5571 uisuntur
695 5509 791 5583 ipsius
804 5508 933 5583 nomini,
990 5507 1109 5583 quidem
1127 5505 1198 5565 ordo
1213 5503 1405 5579 apostolicus,
1423 5498 1604 5559 stabularius
1625 5499 1675 5557 illa
1696 5505 1752 5574 est,
1767 5508 1818 5559 aut
