3950 6034
153 183 213 279 339
705 184 876 250 RUPERTI
898 130 1066 247 assatis
1086 182 1307 248 tutuffluets
1801 177 1867 239 tto

156 316 271 390 quitur:
283 314 401 387 Quiscrt
415 316 475 386 iate,
497 316 546 388 qui
564 316 639 374 dicit
654 321 686 373 at
697 317 784 387 fieret,
798 316 975 374 Dominonon
993 318 1112 385 Anam,
1129 317 1172 375 ibi
1185 314 1297 389 iustitia
1312 323 1418 386 rapaci,
1432 322 1458 372 et
1471 312 1604 370 memoria
1617 316 1777 369 sanctorum
1793 310 1853 384 (29)

151 402 289 479 jubente?
303 408 345 473 lis
358 421 405 464 ore
418 407 552 464 Attenuat
566 423 621 465 aaa
641 407 825 480 epredierrtur,
840 423 891 464 nec
903 405 984 463 muln
1037 406 1103 464 Erat
1118 413 1215 466 autem
1232 418 1301 464 tarne
1316 406 1346 463 in
1362 408 1464 463 eodem
1477 410 1575 463 castro
1590 404 1682 461 curtis
1711 401 1862 476 pertinens

158 512 209 553 nce
224 495 304 553 bona.
325 496 398 564 Quid
428 497 624 553 murmuravit
639 497 726 555 homo
753 496 851 553 vivens
871 496 917 552 vir
931 512 982 569 pro
1038 499 1073 553 ad
1089 497 1527 571 servitiumepiecopi.Porrode
1542 494 1759 551 constructione
1771 490 1862 549 castri

160 585 507 663 peccatissuis‘iffiarcn.
533 586 586 660 ιιι.)
604 584 984 659 lotidelisnemqueanimi
1038 585 1266 660 diversaopiuio
1285 593 1340 656 eet,
1366 586 1433 643 aliis
1447 584 1638 658 opinantibus
1667 582 1758 639 luisse
1787 597 1863 654 opus

161 680 207 731 est
220 675 273 732 hoc
289 676 384 732 dicere
399 676 478 748 quod
493 693 527 732 ex
542 675 749 733 occultissimi
767 692 823 732 non
837 675 985 747 egrediun·
1038 674 1108 732 Julii
1124 677 1256 744 cesaris,
1267 676 1335 735 aliis
1351 674 1551 733 asserentibus
1562 673 1640 747 quod
1652 680 1863 747 temporeque

162 767 212 819 tur
227 764 365 822 malausa
376 764 494 831 bona,id
508 768 622 831 estnec
638 766 821 822 adversanos
835 779 985 837 prospera,
1040 764 1199 837 imperator
1213 764 1401 824 Constantius
1415 769 1445 823 ct
1469 764 1549 821 filius
1563 767 1629 837 ejus
1652 763 1866 821 Constantinus

163 853 287 926 exempli
303 853 986 928 gratia,utincendioRabylonisoconnramnre·
1040 856 1253 928 expeditionem
1284 855 1314 912 in
1340 853 1430 913 Gallis
1464 854 1638 922 babuerunt,
1663 858 1865 910 constructum

165 946 215 999 tur
225 941 500 1015 Hierusalem,quod
517 952 586 1000 tuno
597 941 987 1016 eveneratquandolamcn·
1043 943 1130 1000 luerit
1144 945 1293 1002 abeodem
1308 941 1639 1014 Constantino,davictis
1654 942 1868 1000 Francis.liano

164 1037 231 1090 tans
247 1032 307 1088 beo
332 1032 509 1105 loquebatur
536 1032 751 1101 Hieremias,et
776 1047 895 1097 rursum
924 1033 990 1103 post
1043 1031 1210 1106 opinionem
1220 1031 1378 1090 tirmiorem
1390 1049 1453 1090 esse
1463 1030 1869 1096 asserittituius,nonrnultos

166 1137 259 1179 annos
269 1121 456 1195 septuaginta
467 1120 628 1179 solveretur
638 1123 770 1194 ejusdem
783 1121 882 1195 populi
896 1119 991 1191 capti·
1044 1126 1111 1178 aute
1126 1139 1218 1179 annos
1233 1121 1380 1191 inventus,
1397 1122 1428 1179 in
1444 1121 1544 1180 tabula
1557 1121 1675 1194 lapidea
1703 1120 1780 1178 inter
1807 1120 1871 1176 lra-

165 1208 251 1268 uitas.
269 1209 410 1277 infidelis,
437 1210 570 1283 inquam,
587 1219 616 1269 et
631 1210 811 1268 murmurosi
838 1217 884 1267 eet
899 1206 991 1265 animi
1044 1216 1163 1283 gmsnte
1179 1227 1342 1279 maurorum,
1358 1215 1387 1267 et
1400 1211 1464 1284 ipse
1480 1212 1509 1268 in
1530 1217 1628 1283 partes
1642 1210 1745 1280 divisa,
1761 1209 1799 1266 ita
1823 1213 1871 1266 te-

167 1300 262 1356 dicsre
276 1298 318 1355 vel
336 1298 482 1371 suspicari
497 1300 572 1369 quod
590 1299 665 1355 nibil
681 1298 784 1355 borum
796 1297 920 1370 jubente
935 1295 991 1352 Do·
1046 1316 1112 1355 mon
1127 1304 1160 1357 ut
1174 1308 1272 1373 partes
1288 1300 1358 1375 ipse
1382 1301 1416 1357 ad
1433 1301 1557 1358 invicem
1573 1299 1713 1372 conjungi
1736 1303 1869 1373 possent,

169 1387 249 1446 mino
259 1387 370 1444 lactum
387 1388 487 1453 sit,sed
505 1405 575 1445 casu
591 1394 697 1446 cuncta
712 1390 946 1458 evenerlni‚cum
963 1388 993 1442 at
1047 1390 1098 1462 qui
1113 1390 1286 1463 hujusmodi
1297 1395 1360 1447 erat
1372 1408 1379 1447 ι
1390 1393 1596 1462 Constantinus,
1610 1392 1674 1462 pius
1684 1391 1869 1447 Romanorum

169 1475 247 1534 alius
261 1476 404 1549 propheta
419 1476 526 1533 dixerit
542 1493 549 1532 τ
565 1476 596 1533 Si
610 1476 664 1533 crit
691 1477 797 1533 malum
824 1478 854 1532 r'rr
879 1474 994 1531 ciuitate
1046 1477 1147 1547 inrpcr.
1165 1479 1310 1551 drausius,
1320 1480 1431 1537 deuictis
1447 1478 1701 1549 Francir,ca‹trum
1716 1477 1872 1536 [literarium

170 1564 242 1638 quod
257 1565 390 1622 Dominus
412 1580 465 1621 nora
485 1564 608 1636 fecerit?
636 1566 734 1636 (Amos.
765 1565 818 1636 ιιι.)
842 1561 994 1636 Ejusmodi
1046 1566 1078 1624 in
1093 1569 1176 1624 terris
1189 1584 1286 1626 eorum
1300 1568 1362 1639 fieri
1371 1569 1467 1641 jussit.
1479 1569 1579 1627 ltiiitce
1591 1568 1697 1626 turrim
1710 1585 1772 1626 cum
1782 1571 1871 1627 crater·

170 1653 339 1719 infidelitas,
355 1652 551 1721 dilectissimi,
568 1655 653 1710 nobie
668 1656 797 1710 cavenda
816 1660 870 1711 est.
886 1654 994 1710 Audia-
1010 1682 1033 1748 Ι]
1049 1660 1137 1713 turcio
1152 1657 1285 1727 feceruut.
1302 1659 1363 1715 liaeo
1376 1658 1569 1729 duodcoipinti
1584 1669 1643 1715 uoto
1659 1662 1784 1732 fecerunt
1803 1657 1872 1731 (30).

171 1758 240 1800 mus
255 1740 352 1814 potius
367 1743 437 1815 quid
453 1743 561 1799 ibidem
584 1744 614 1799 in
631 1743 776 1800 Hieremia
790 1744 930 1800 continuo
948 1759 994 1799 se·
1051 1744 1085 1802 Et
1099 1747 1218 1819 quidam
1247 1756 1312 1805 nota
1334 1754 1380 1805 est
1404 1748 1544 1821 historie,
1560 1750 1637 1824 quod
1661 1749 1875 1807 Constantinus

173 1833 292 1905 quitor:
310 1832 468 1890 Scrutemur
486 1836 546 1890 aias
560 1841 669 1891 rostras
683 1838 709 1892 et
731 1850 893 1908 uaeramus
906 1841 933 1890 ct
957 1848 998 1889 re·
1052 1836 1179 1894 Francos
1194 1844 1224 1893 et
1239 1837 1416 1895 alemannos
1427 1839 1582 1912 magnifice
1595 1839 1777 1907 deviceritst
1792 1854 1877 1912 reges

173 1929 316 1981 vertamur
330 1925 367 1982 ad
392 1925 547 1981 bornicum.
565 1926 695 1983 levemus
720 1925 801 1983 eorda
816 1936 910 1982 nostra
935 1941 999 1981 cam
1053 1941 1153 1982 eorum
1167 1924 1270 1983 bestiis
1285 1927 1432 1998 objecerit.
1444 1927 1512 1996 Sed,
1523 1927 1593 2000 quia
1607 1927 1624 1984 J
1628 1926 1678 1983 ulii
1694 1927 1814 1984 cesaris
1830 1942 1879 1985 ree

174 2013 304 2072 manibus
322 2013 357 2071 ad
377 2014 506 2071 oramen
537 2017 616 2073 coetos
643 2017 753 2086 (taren.
783 2016 838 2086 ιιι).
860 2016 891 2072 Si
919 2015 998 2071 enim
1054 2015 1188 2087 gestario
1219 2014 1323 2073 Galliis
1348 2017 1519 2073 tamosiorce
1546 2017 1701 2088 habentur,
1720 2016 1789 2073 inde
1816 2016 1880 2074 baeo

174 2104 383 2162 veracitervias
397 2114 513 2163 nostras
526 2107 647 2162 scrutati
664 2106 818 2176 luerimue,
830 2110 859 2162 et
873 2104 1001 2162 scienter
1054 2103 1152 2176 opinio
1168 2104 1262 2173 magis
1277 2103 1394 2177 vulgata
1409 2113 1462 2173 est,
1478 2103 1546 2160 licet
1561 2103 1650 2161 nullis
1666 2103 1740 2161 lulla
1754 2103 1880 2177 scripto·

176 2194 338 2252 dixerimus
353 2197 429 2268 quod
445 2213 522 2269 sepe
535 2197 681 2252 dicimus:
699 2197 885 2261 Peccavimus,
900 2195 1002 2267 injuste
1055 2208 1121 2248 rum
1138 2194 1347 2261 monumentis,
1368 2195 1447 2267 quod
1472 2192 1522 2251 ille
1537 2194 1627 2268 hujus
1651 2209 1768 2269 quoque
1789 2193 1881 2250 castri

177 2285 293 2354 coimus,
309 2283 485 2356 iniquitatem
499 2286 615 2355 (coimus
631 2283 1002 2357 (scructnttnvaniemus
1056 2284 1190 2340 conditor
1208 2283 1361 2340 exstiterit.
1377 2283 1486 2341 Mansit
1508 2289 1606 2342 autem
1622 2284 1700 2342 idem
1725 2283 1880 2342 camellum

177 2386 234 2428 nos
250 2372 364 2447 minora
375 2373 531 2446 recepisse,
543 2388 630 2446 quam
649 2371 886 2445 meremur,quia
900 2369 1002 2429 broulo
1057 2372 1275 2444 pulchritudine
1291 2383 1318 2430 et
1334 2373 1507 2431 lortrtudins
1527 2374 1718 2448 precipuum,
1734 2391 1828 2447 usque
1842 2375 1880 2432 ad

177 2458 297 2534 quidem
307 2462 411 2534 judicii
421 2462 791 2537 parcutimerebamur‚sed
804 2461 1004 2519 misericordie
1058 2461 1265 2535 imperatorem
1280 2462 1437 2520 Otthonem
1455 2464 1594 2536 primum.
1612 2463 1707 2537 Hujus
1723 2479 1883 2538 germanus

180 2551 415 2624 superexaltante
428 2552 569 2624 jmtictnm
596 2558 723 2624 paternae
737 2553 818 2626 virge
842 2548 1004 2624 discipline
1059 2552 1154 2609 Bruno
1168 2549 1351 2609 Coloniensis
1360 2551 1496 2610 Ecclesiae
1511 2552 1758 2628 archiepiscopus,
1770 2554 1883 2612 abesto

180 2658 341 2715 parumper
355 2643 425 2700 tacti
442 2659 557 2700 sumus.
1059 2641 1194 2699 severino
1210 2641 1367 2699 vicesimus
1382 2648 1516 2716 quartus,
1528 2643 1617 2700 simul
1629 2659 1695 2700 cum
1709 2646 1792 2701 tante
1802 2642 1886 2701 nobi·

437 2730 514 2791 228
533 2729 651 2790 CAPUT
668 2730 745 2789 Vlll.
1060 2730 1156 2799 litate,
1171 2747 1286 2788 morum
1307 2747 1425 2805 quoque
1439 2731 1593 2806 probitate,
1610 2738 1639 2790 et
1653 2733 1761 2804 insigni
1777 2733 1888 2806 pietate

217 2820 343 2879 Causam
360 2838 438 2879 nunc
449 2823 545 2879 dicore
562 2821 642 2889 libet,
656 2837 709 2877 cur
731 2824 828 2877 turres
843 2818 932 2891 hujus
945 2834 1007 2877 ‘ca-
1061 2821 1219 2894 praelarus
1236 2818 1415 2894 t'regitillud,
1429 2821 1528 2879 fratris
1542 2822 1663 2894 suijam
1680 2821 1750 2878 dicti
1761 2824 1889 2895 impera·

183 2908 259 2969 etelli
274 2912 390 2968 odiosas
405 2910 489 2967 nobis
511 2911 584 2966 mira
602 2908 755 2967 veloaitate
769 2909 872 2966 victrix
886 2908 1008 2965 flamme
1061 2912 1134 2968 toria
1149 2911 1234 2979 iram,
1249 2928 1313 2984 quae
1330 2913 1428 2968 lutura
1442 2915 1513 2979 erat,
1525 2928 1584 2969 non
1600 2911 1722 2975 veritus.
1734 2928 1798 2984 qus
1814 2910 1889 2970 adeo

184 2999 415 3071 comprehendit,
433 2999 486 3054 hoa
514 3001 593 3055 enim
609 2998 758 3070 pollicitus
786 3016 863 3070 sum,
879 2999 1006 3072 subjun·
1063 3000 1220 3057 vehemens
1237 3004 1328 3058 tuisse
1344 3001 1444 3072 fertur,
1461 3006 1493 3058 ut
1512 3018 1578 3058 aum
1595 3001 1631 3058 ad
1648 3000 1886 3059 reedificandum

186 3088 281 3161 gendo
295 3085 390 3160 (Supr.
405 3092 472 3160 cap.
488 3091 536 3157 n):
554 3087 670 3144 Causam
685 3098 745 3161 post
756 3088 816 3146 base
839 3088 942 3158 dicam,
955 3104 1008 3145 cur
1063 3089 1251 3163 compelleret
1265 3089 1559 3159 uimisinvitum,nlsi
1575 3089 1889 3162 idemimparatoroits

180 3178 276 3234 'turres
285 3177 347 3248 jorn
362 3176 447 3233 dictas
461 3176 568 3233 odiosos
590 3175 670 3233 nobie
684 3176 782 3249 fuisse,
803 3178 847 3234 uel
860 3192 915 3235 esec
929 3178 1010 3236 dise·
1064 3180 1167 3237 luisset
1182 3186 1274 3237 morte
1296 3188 1469 3256 preventus.
1492 3181 1597 3238 Sextus
1611 3179 1648 3238 ab
1669 3178 1719 3236 illo
1740 3176 1886 3250 videlicet,

187 3271 253 3326 rim.
269 3270 416 3326 Attendite
430 3285 509 3342 ergo,
526 3267 702 3338 charissimi,
719 3285 806 3343 quam
821 3270 1012 3342 justodolors
1064 3270 1198 3327 Brunone
1220 3272 1311 3328 beatae
1340 3271 1487 3329 memorie
1516 3269 1746 3343 archiepiscopo,
1763 3272 1887 3326 sanctus

190 3375 338 3432 superaus
353 3358 600 3433 doluerim,quam
613 3358 810 3430 periectoodio
826 3377 882 3417 non
898 3359 1012 3433 lapides
1064 3359 1246 3427 Heribertus,
1261 3358 1368 3429 taliter,
1386 3367 1415 3415 ut
1440 3376 1530 3431 supra
1550 3359 1660 3415 dictum
1687 3362 1733 3415 est
1760 3356 1886 3415 Domino

191 3450 253 3509 sive
267 3451 403 3524 parietas,
419 3452 467 3508 sed
482 3449 670 3521 iniustitiam,
687 3467 750 3523 qus
771 3451 800 3508 in
818 3451 875 3509 illis
890 3452 1012 3524 habitat,
1065 3451 1245 3508 consecravit
1260 3449 1336 3507 idem
1352 3449 1505 3523 oppidum,
1521 3448 1579 3505 imo
1594 3446 1717 3517 ruinosi,
1740 3452 1774 3503 ut
1788 3446 1828 3504 ita
1842 3446 1887 3503 di·

191 3540 610 3613 agooderim.llabucrutenim
620 3544 715 3621 totum
726 3539 838 3597 castelli
849 3541 937 3613 hujus
948 3558 1014 3615 spa·
1064 3558 1141 3608 sam,
1158 3541 1321 3614 fragments
1336 3539 1445 3615 oppidi,
1456 3539 1652 3597 construendo
1666 3537 1696 3595 in
1713 3537 1809 3595 medio
1821 3538 1888 3609 ejus

189 3628 265 3685 tium
282 3644 347 3686 esse
361 3628 455 3701 legale
469 3635 613 3697 sanctum,
630 3628 700 3701 quia
715 3629 758 3686 eia
771 3629 802 3686 in
817 3628 881 3703 lege
896 3630 1011 3689 Domini
1065 3634 1228 3691 coencbium
1240 3632 1308 3699 Deo,
1323 3632 1352 3687 in
1364 3630 1504 3687 bonorem
1522 3630 1648 3687 Domina
1663 3633 1769 3687 nostre
1779 3634 1890 3686 sancte

181 3719 332 3792 ‚scriptum
357 3728 418 3777 est:
444 3718 585 3791 Quidquid
604 3719 689 3776 carnei
714 3720 1010 3791 [uerit-consecratum,
1065 3724 1161 3780 Marica
1177 3726 1322 3796 perpetus
1350 3718 1483 3793 virginis,
1499 3723 1651 3791 totumque
1678 3718 1713 3775 ad
1729 3715 1786 3776 hoo
1813 3733 1889 3790 opus

189 3814 315 3866 sanctum
329 3818 485 3866 sanctorum
511 3810 564 3865 erit
580 3808 706 3878 domino,
722 3812 749 3865 et
762 3812 892 3881 possessio
919 3825 1011 3868 coom-
1064 3810 1160 3868 lunum
1172 3813 1215 3868 sis
1229 3809 1441 3868 emundaritut
1455 3806 1567 3865 nullam
1578 3806 1761 3865 secularium
1774 3806 1890 3863 habita·

188 3905 267 3958 crata
281 3899 317 3955 nd
330 3900 509 3973 inspectaret
527 3902 699 3956 sacerdotum
713 3898 810 3966 (teuit.
825 3900 925 3971 xsvtt).
941 3901 1012 3967 Quis
1064 3900 1174 3958 tionem
1191 3900 1220 3957 in
1235 3915 1270 3956 sa
1293 3897 1481 3971 relinqueret,
1497 3896 1571 3954 dane
1586 3895 1645 3954 illie
1669 3911 1742 3969 quos
1757 3895 1825 3953 inde
1839 3912 1888 3953 es·

190 3997 288 4049 autem
303 3989 417 4047 nesciat
434 3987 546 4045 castelli
561 3988 651 4060 bolus
667 3989 883 4061 possessionem
899 3988 968 4057 Deo,
983 3993 1013 4047 et
1065 3989 1166 4047 sedere
1188 3987 1292 4062 jussit,
1308 3988 1379 4046 ioris
1408 3985 1577 4045 habitacula
1591 4002 1677 4044 muro
1704 3985 1889 4042 extrinsecus

189 4077 313 4136 Domino
342 4083 443 4136 nostro
457 4077 524 4133 lesu
548 4075 664 4132 Christo
687 4083 853 4150 sanctaque
875 4079 1012 4151 genitrici
1064 4079 1214 4151 contigua,
1229 4078 1307 4136 sicut
1321 4078 1408 4135 hodie
1423 4081 1577 4145 noverunt,
1593 4081 1622 4133 et
1639 4079 1782 4133 testantur
1796 4089 1888 4147 quam

190 4173 255 4241 ejus
270 4176 415 4241 perpetuas
430 4166 537 4241 uirgini
559 4166 657 4223 lissiae
673 4169 763 4224 luisse
787 4171 1013 4225 consecratami
1064 4168 1184 4243 plurimi
1195 4175 1223 4226 et
1238 4168 1504 4240 meximeipsorum
1514 4165 1621 4241 posteri
1632 4167 1888 4225 tenenteseasdem

189 4258 294 4316 Narrat
308 4258 386 4315 euim
407 4256 481 4315 liber
496 4254 568 4313 Vitae
583 4255 626 4313 vel
650 4261 777 4313 actuum
801 4257 897 4315 Patris
918 4256 1012 4315 nostri
1064 4259 1168 4316 domos
1182 4258 1379 4325 beneficiales,
1392 4260 1428 4316 ad
1440 4257 1530 4329 hujus
1541 4255 1674 4314 sceleste
1685 4256 1738 4327 jue
1753 4255 1889 4313 domins·

189 4349 266 4406 beati
281 4347 436 4416 Heriberti,
467 4347 547 4418 qaia,
564 4360 631 4403 cum
648 4344 813 4403 coenobium
841 4352 1011 4405 construere
1064 4347 1233 4423 tionemqus
1248 4348 1446 4421 respicientes.

188 4437 345 4511 optaretis
374 4436 515 4493 bonorem
533 4435 657 4508 llomini,
672 4440 702 4491 et
725 4435 790 4507 jam
806 4435 889 4493 diotre
906 4413 1050 4495 matrisD
1384 4435 1499 4495 CAPUT
1517 4435 1565 4492 tx.
1613 4506 1614 4509 Ἴ

188 4528 253 4599 ε)ιιε
263 4525 712 4599 beateMarissempervirginie
723 4526 885 4583 secundum
896 4533 1008 4597 votum,
1099 4529 1246 4587 Debuerat
1255 4526 1354 4602 igitur,
1360 4526 1447 4600 juxta
1461 4541 1550 4583 sacre
1566 4523 1641 4598 legis
1655 4523 1891 4598 edictum,supra

187 4608 456 4690 ouius'monitorem
468 4616 777 4674 habueratOtthoncm
788 4617 1008 4690 imperatorem,
1064 4626 1271 4688 memoratum,
1288 4623 1419 4675 sanctum
1433 4632 1498 4674 esse
1526 4614 1645 4672 Domino
1660 4619 1754 4674 totum
1775 4613 1889 4671 castelli

188 4706 334 4778 simulque
348 4706 424 4763 scire
438 4713 559 4780 cuperet
574 4724 631 4780 quo
646 4707 677 4763 in
691 4706 755 4764 loco
771 4707 833 4763 ilari
848 4707 903 4765 hoc
918 4708 1008 4781 pluci-
1063 4710 1153 4783 hujus
1168 4706 1344 4782 spatium,id
1355 4711 1401 4764 eet
1415 4706 1527 4763 nullam
1540 4704 1598 4779 pati
1610 4703 1813 4761 communium
1827 4703 1889 4761 sive

182 4788 250 4855 'tum
262 4802 340 4854 esest
354 4796 447 4877 eidem
462 4801 568 4854 sancte
581 4796 629 4853 liei
644 4795 934 4869 genitrici,nppurens
944 4797 1009 4870 ipsa
1063 4797 1246 4857 secularium
1262 4813 1359 4853 rerum
1375 4793 1664 4863 contaminationem,
1680 4792 1797 4867 qualem
1812 4791 1888 4849 aidi·

186 4905 239 4963 per
253 4888 347 4945 visum
363 4887 439 4945 dixit
452 4888 497 4945 ei:
519 4888 614 4961 Saepe,
630 4895 658 4946 et
672 4888 807 4945 luituras
820 4896 942 4947 macram
963 4905 1009 4963 pe·
1064 4886 1340 4946 musetaudivimns
1351 4882 1765 4959 inplerisquclooismagnum
1778 4881 1889 4956 sepius

184 4980 514 5052 amanuensem
537 4982 673 5038 mundari
693 4982 824 5054 praecipe,
840 4982 933 5056 ibique
946 5000 1009 5038 mo·
1063 4977 1198 5035 attulisse
1224 4974 1446 5044 offendiculum,
1466 4973 1526 5031 sive
1552 4970 1724 5031 scandalum
1748 4970 1889 5030 iratribus

184 5075 339 5132 casterium
366 5072 417 5129 uec
431 5071 553 5143 mitique
567 5076 594 5128 et
607 5073 734 5129 omnibus
748 5073 848 5128 sanclis
862 5070 1007 5142 constitue,
1063 5066 1121 5124 Deo
1136 5065 1269 5131 sacratis,
1285 5070 1315 5121 et
1338 5064 1518 5137 propositam
1540 5061 1717 5119 debentibus
1736 5060 1889 5132 religionis

184 5170 216 5221 ut
232 5163 281 5221 adi
294 5171 432 5236 proneam
446 5160 587 5219 habitauit
600 5169 756 5235 peccatum,
766 5165 791 5218 ct
805 5160 1007 5218 cultusdaemo-
1063 5155 1229 5213 monastica
1246 5154 1588 5227 puritatemuarsusque
1598 5152 1633 5209 ad
1650 5153 1889 5223 nostratempura

220 5296 277 5367 (29)
296 5295 360 5351 Vid.
378 5294 465 5357 intra,
479 5293 507 5350 in
525 5293 590 5350 Vita
605 5295 634 5350 S.
651 5294 807 5355 lleribrrti.
823 5310 887 5365 cap.
905 5294 949 5349 lii.
1062 5293 1227 5364 domitianas
1250 5290 1374 5361 Francis,
1390 5290 1422 5346 ira
1448 5305 1543 5348 eorum
1571 5287 1655 5346 terris
1682 5289 1807 5344 castrum
1832 5287 1887 5343 Di-

181 5392 184 5398 ·
220 5367 274 5436 (30)
284 5368 391 5422 &dem
402 5366 540 5422 dominus
552 5367 657 5422 Suriae
665 5383 700 5421 ex
710 5366 963 5437 antiquoquodam
973 5362 1008 5419 li·
1062 5365 1181 5422 tensium
1195 5364 1245 5420 aab
1259 5366 1406 5436 mercatio
1420 5361 1557 5433 principis
1570 5364 1617 5416 sai
1639 5363 1775 5430 semet,
1788 5359 1888 5416 deuote

182 5436 235 5495 bro
242 5435 315 5492 mibi
324 5438 710 5497 communicavitboomodn:
723 5435 1009 5494 virimandensium
1060 5437 1175 5495 numini
1186 5437 1377 5510 maiestatique
1387 5452 1398 5492 :
1409 5432 1599 5507 duodeviaiati
1608 5432 1665 5490 bace
1675 5437 1737 5490 uoto
1745 5434 1885 5504 temni.

182 5507 239 5568 lini
251 5506 368 5565 dluctari
376 5508 424 5564 Pii
433 5507 705 5583 felicissimiiuuicti
720 5509 1008 5583 supradictamrem&
