3950 6034
158 220 217 322 'ru
707 250 881 317 cursari
901 249 1072 314 asenne
1092 248 1315 313 mirrensis
1800 247 1861 313 oss

161 393 250 453 nibus
273 390 336 449 sule
351 390 387 449 sd
417 388 525 448 curisti
542 389 628 447 iidem
653 388 886 457 convertissent;
903 403 956 443 nec
984 386 1100 459 aliquas
1113 389 1228 443 tantum
1257 384 1421 459 parochias,
1436 386 1487 442 ssd
1505 383 1656 442 universas
1671 400 1745 456 pene
1772 383 1862 443 totius

158 467 239 522 orbis
253 466 394 522 dioeceses
408 462 671 527 administrassent.
686 461 841 534 ipsamque
857 461 956 516 sedem
971 459 1161 530 apostolicam
1189 476 1246 515 noo
1262 458 1351 516 semel
1375 463 1578 529 ocrrrpassent,
1603 473 1656 512 nee
1670 460 1734 513 sine
1749 459 1857 515 tractu.

160 537 294 608 Namque
309 539 421 608 absque
434 534 493 591 ullo
502 550 581 590 uana
592 535 761 605 jactatIonis
772 533 841 588 viulo
853 547 1013 605 possumus
1023 547 1153 587 asserere
1165 532 1211 586 vix
1228 548 1357 603 unquam
1370 531 1464 604 magle
1473 530 1607 586 floruisse
1618 528 1761 586 declamas
1771 546 1863 603 quam

160 625 229 666 eum
246 609 405 664 monachos
421 607 587 663 habueruut
600 606 763 677 episcopos.

199 682 306 736 lterum
336 680 514 748 Diuloporum
529 686 629 734 auctor
643 694 729 733 suum
754 693 788 733 en
805 675 935 748 prolesso
950 689 1056 730 nomen
1071 673 1221 737 subticuit,
1238 673 1261 728 si
1292 674 1361 744 quid
1380 674 1409 729 ln
1424 675 1468 727 eis
1484 671 1550 728 boni
1567 671 1698 744 protulit,
1714 672 1745 729 id
1767 679 1862 729 totum

160 752 231 819 Deo,
248 767 335 821 siquo
352 766 438 805 nnrne
468 751 587 814 bonum,
605 750 744 814 reterens,
771 754 932 819 optansque
949 752 980 801 ut
995 747 1024 800 in
1040 746 1122 800 laude
1137 762 1190 800 sua
1217 750 1312 800 mutus
1326 745 1398 801 liber
1411 745 1474 817 ipse
1496 745 1613 815 meatur,
1628 743 1772 801 dummodo
1799 746 1864 801 luu-

161 826 226 880 dem
242 825 293 878 Dei
306 830 333 877 rt
347 822 474 879 Errcbriae
488 822 626 904 loquatur.
642 820 773 892 Scriptus
796 825 893 874 tamen
910 835 925 872 ι
940 821 1066 887 liuperto
1083 817 1187 872 abbate
1203 817 1360 883 Tuitienai,
1378 832 1465 887 prope
1478 818 1628 873 coloniam
1658 817 1864 889 Agrippinam,

161 912 196 952 ex
212 896 381 965 conjectura
396 909 453 949 uon
470 894 524 949 leur
541 909 698 959 possumus
713 906 853 947 asserere.
870 889 942 945 Nam
959 889 1177 945 Graffchatenee
1201 892 1423 952 monasterium,
1438 904 1524 958 cujus
1539 904 1574 943 es
1588 887 1685 943 codice
1702 888 1753 941 ille
1775 892 1864 944 aetate

162 972 280 1024 exarato
298 967 376 1037 ipses
389 964 611 1037 descripsimus,
627 964 717 1020 situm
734 968 778 1019 est
793 961 822 1017 in
837 960 955 1017 ditecesi
969 960 1146 1024 Coloniensi,
1162 958 1317 1033 simileque
1329 958 1477 1029 exemplar
1492 965 1590 1030 postes
1606 959 1634 1014 in
1650 957 1715 1030 ipso
1740 958 1863 1030 Ruperti

162 1037 293 1095 coenobio
319 1036 461 1092 Tuitiensi
486 1037 659 1108 reperimus,
676 1037 751 1107 quod
783 1049 856 1104 pene
872 1035 991 1089 unicum
1007 1048 1042 1087 ex
1068 1031 1207 1088 omnibus
1233 1031 1374 1088 tantiviri
1406 1031 1555 1103 operibus,
1574 1029 1684 1086 ibidem
1712 1038 1864 1101 superstes

161 1110 294 1165 habetur.
324 1106 434 1162 Deinde
449 1113 548 1162 auctor
575 1107 684 1162 librum
701 1118 788 1161 suum
804 1104 923 1159 tertium
958 1103 1558 1160 bisterminatverbIs:immineussuocti
1584 1101 1695 1158 Nicolci
1721 1101 1865 1174 [satiemus

161 1181 302 1250 compellit
315 1194 364 1234 uos
389 1178 446 1234 sibi
459 1180 593 1246 innitere,
613 1178 687 1233 unde
713 1175 911 1246 compeliimur
924 1180 1055 1247 quartum
1069 1173 1259 1247 dimissorem,
1275 1176 1353 1245 euius
1368 1174 1403 1230 ud
1430 1175 1481 1229 buc
1493 1188 1636 1245 possumus
1648 1189 1730 1245 prere
1751 1176 1863 1244 juvari.

162 1252 250 1309 Porro
278 1258 399 1307 sanetus
426 1250 564 1306 Nicotaus
593 1258 733 1320 patrenus
760 1253 805 1303 est
829 1247 918 1303 vicini
946 1246 1041 1302 'Initio
1071 1246 1314 1303 Brunvitlarensis
1344 1245 1526 1312 monasterii,
1556 1260 1684 1316 quocum
1711 1260 1864 1317 magnam,

162 1323 241 1380 haud
257 1322 392 1390 dubium,
407 1321 647 1378 consuetudInem
664 1318 789 1376 babebat
804 1317 961 1389 Rupertus.
978 1315 1102 1373 Demum
1123 1322 1235 1373 eertum
1250 1324 1295 1375 est
1309 1318 1364 1373 boo
1379 1319 1413 1374 de
1434 1322 1608 1389 argumento
1623 1332 1697 1387 opus
1711 1315 1830 1387 aliquod
1847 1333 1865 1373 ι

163 1396 289 1480 liuperto
305 1394 499 1465 compositum
512 1394 612 1458 lulasr,
625 1396 656 1446 ut
671 1389 814 1446 discimus
828 1406 864 1445 ex
877 1390 1008 1446 Anselmi
1024 1387 1263 1459 ilauelbergensie
1279 1389 1404 1461 epistole
1415 1390 1448 1444 ad
1464 1389 1597 1444 abbatem
1612 1387 1864 1459 Husbergensem,

165 1483 215 1538 qur
231 1466 383 1522 occasione
398 1463 472 1519 Petri
488 1464 642 1532 capiundum
656 1461 786 1517 canonici
803 1460 955 1531 regutaris,
967 1460 1060 1532 gratie
1077 1461 1198 1529 majoris
1214 1461 1398 1529 perlectionis
1412 1461 1447 1516 ad
1462 1459 1621 1515 monachus
1637 1459 1863 1528 transvolantis,

165 1540 297 1609 eiusdem
315 1536 476 1608 ergrrmenti
494 1533 723 1590 lucubrationem
740 1533 879 1589 ediderat.
896 1537 976 1588 ilaue
991 1532 1068 1588 enim
1086 1531 1133 1587 ille
1147 1530 1276 1588 refellere
1290 1532 1423 1603 cupiens,
1434 1547 1541 1602 magno
1556 1547 1622 1587 cunr
1638 1542 1804 1599 contemptu
1817 1533 1866 1588 sic

165 1609 202 1667 du
217 1613 344 1677 liuperto
370 1607 494 1663 ellatur:
521 1608 712 1662 Porrnnrscio
738 1603 1112 1674 seminecessemineces
1138 1603 1291 1660 doctrinam
1308 1604 1438 1672 niseus,
1467 1603 1802 1676 comissantesque
1829 1602 1864 1659 iu

166 1681 286 1737 Ecclesia
308 1681 452 1749 ipsorutur
476 1693 508 1733 eo
534 1678 673 1747 inritassis
701 1676 889 1733 conoemnitur
911 1691 965 1747 quc
993 1676 1130 1744 probatur
1156 1676 1289 1730 Fortassis
1302 1676 1377 1743 apud
1402 1690 1447 1730 uos
1472 1675 1799 1746 moissiacensium
1827 1674 1865 1730 ob

165 1751 194 1808 id
217 1751 288 1824 quod
308 1749 404 1822 utiquc
418 1765 520 1817 muquu
534 1750 685 1816 scripserit,
708 1747 800 1804 sedob
815 1746 949 1820 bouqueti
973 1746 1165 1802 monachorum
1180 1747 1264 1801 acuas
1286 1744 1434 1802 exstiterit.
1451 1745 1503 1816 Epo
1532 1761 1600 1802 sune
1628 1746 1755 1818 quadum
1782 1746 1864 1802 illiers

163 1827 264 1895 scriptu
274 1824 377 1892 sutem,
394 1823 503 1875 curioso
519 1820 629 1875 leuitate
641 1820 704 1887 ispi,
720 1820 809 1890 ipsum
825 1820 909 1875 mium
926 1816 981 1873 uidi
995 1829 1023 1875 et
1035 1817 1109 1884 noui,
1120 1817 1167 1872 sed
1182 1817 1299 1883 nubite
1312 1816 1416 1873 dictum
1431 1816 1507 1887 apud
1522 1815 1629 1874 Graecoe
1644 1818 1817 1887 prrouerbiasn
1828 1820 1864 1874 ιἰι

165 1895 213 1951 ilio
230 1909 323 1950 oerum
338 1894 428 1960 reperi·
437 1910 448 1946 :
473 1893 588 1963 Pinpuis
601 1900 696 1947 uenter
710 1906 763 1946 noa
778 1892 868 1963 pipeti
883 1894 992 1945 tenuem
1014 1904 1133 1945 sensum.
1152 1889 1198 1945 lla
1223 1895 1294 1945 sunt
1308 1889 1493 1945 amoeuitates
1508 1888 1616 1960 quibus
1631 1889 1686 1945 iste
1705 1890 1865 1961 episeopus

163 1981 312 2021 summum
339 1964 531 2019 illumvirum
560 1965 782 2035 recreat,cujus
808 1965 993 2018 hactenuset
1018 1961 1169 2031 scrIptaet
1198 1962 1382 2017 sanctitatem
1412 1968 1567 2017 veneratur
1595 1959 1782 2017 Ecclesiam
1810 1960 1866 2033 qui

159 2038 272 2110 justam
288 2036 449 2093 detendunt
461 2051 592 2104 cauum,
608 2051 666 2092 nou
682 2035 712 2092 io
728 2035 866 2092 conviciis
889 2039 940 2090 aut
955 2032 984 2089 in
1010 2032 1196 2089 contumeliis
1217 2033 1366 2089 victorium
1393 2035 1528 2104 querunt
1541 2031 1593 2089 sed
1611 2033 1642 2088 iu
1669 2031 1865 2090 validissimis

162 2107 355 2183 argumentis.

704 2363 932 2460 INCIPIT
966 2362 1309 2461 PROLOGUS.

198 2683 274 2743 8ῦὸ
290 2682 362 2741 Cum
378 2682 498 2758 quidam
525 2681 648 2740 fratrum
669 2681 854 2738 intuerentur
875 2693 982 2751 usque·
997 2678 1022 2747 Α
1039 2694 1107 2734 oum
1132 2683 1246 2735 constet
1274 2678 1350 2736 tilios
1366 2680 1417 2737 Dei
1441 2696 1508 2738 esse
1532 2681 1669 2753 pacifices
1694 2685 1726 2737 ut
1754 2681 1860 2737 iratres

162 2789 279 2846 quaque
292 2774 540 2845 quemadmodum
557 2780 658 2828 sancta
675 2775 846 2828 sanctorum
862 2767 980 2826 concril·
1034 2767 1205 2840 spIritalesi
1220 2773 1309 2826 Vetus
1322 2776 1368 2827 est
1382 2770 1460 2827 enlm
1477 2770 1538 2828 baec
1554 2771 1632 2827 inter
1656 2771 1815 2828 monachos
1830 2776 1862 2827 et

161 2869 299 2920 curentur
312 2869 342 2919 et
356 2862 469 2934 lapidee
497 2861 658 2918 sanctuarii
675 2877 703 2915 ru
730 2859 825 2928 capite
847 2860 980 2914 omnium
1035 2860 1155 2915 clericos
1170 2862 1378 2926 controversIa,
1394 2861 1446 2934 qui
1461 2877 1562 2918 eorum
1583 2862 1732 2933 digniores
1746 2863 1808 2917 sint
1822 2862 1860 2918 ad

163 2951 324 3026 platearum
338 2951 587 3022 disperserantur,
605 2949 654 3005 illo
668 2948 729 3004 uelo
744 2965 801 3020 quo
821 2964 905 3004 renes
921 2952 982 3005 tla-
1034 2948 1170 3004 Ecclesia
1186 2952 1337 3005 tractanda
1353 2951 1577 3023 mysteriamdeo
1593 2955 1636 3019 ut,
1652 2951 1722 3007 dum
1739 2952 1817 3007 inter
1829 2968 1862 3008 se

159 3041 279 3097 thathia
294 3044 544 3109 contremuerunt,
560 3038 690 3111 ipsorum
707 3038 867 3111 precordia
890 3038 982 3094 inira·
1034 3038 1269 3108 contendantpro
1280 3038 1597 3108 apostoliosdipuitate,
1612 3041 1695 3096 vacui
1707 3037 1865 3096 ambulent

161 3134 311 3196 musrunt,
326 3128 410 3185 valde
425 3127 526 3185 sedulo
541 3144 587 3184 me
612 3129 814 3193 hortabantur,
830 3133 863 3183 ut
884 3133 914 3184 et
928 3143 982 3198 ego
1034 3128 1071 3182 ab
1086 3126 1248 3197 apostolica
1262 3127 1413 3185 cussinis,
1429 3128 1542 3200 Quippe
1557 3144 1623 3184 curn
1639 3129 1700 3185 sint
1723 3129 1861 3186 monaehi

162 3219 310 3292 proprium
322 3218 479 3289 arriperem
492 3217 765 3289 baculum,quoetsi
782 3234 839 3273 non
856 3223 981 3289 proster-
1035 3219 1064 3270 et
1078 3214 1175 3271 elerici
1194 3214 1285 3272 totius
1310 3218 1421 3288 populi,
1437 3218 1521 3288 quasi
1538 3218 1596 3273 duo
1611 3217 1744 3289 corporis
1768 3217 1863 3290 oculi,

162 3324 273 3373 nerem,
289 3306 393 3363 saltem
409 3305 593 3362 vulnerarem
617 3306 667 3376 qui
684 3306 984 3377 quotidieexprobrst
1035 3303 1224 3373 sibIspiritu
1253 3303 1398 3375 superbie
1420 3305 1485 3361 cneci
1512 3306 1721 3371 ostenduntur,
1738 3308 1862 3379 quantis

161 3395 251 3455 lsrael
266 3395 426 3452 diabolum.
443 3395 556 3461 Quibus
576 3411 642 3451 oum
670 3394 797 3451 dicerem
823 3411 868 3451 me
897 3394 981 3468 quasi
1034 3391 1133 3463 populi
1155 3394 1284 3449 tenebrIs
1310 3393 1609 3461 involvunturiouis
1626 3396 1653 3452 si
1675 3396 1769 3452 ocutus
1794 3401 1863 3453 tuas

161 3484 301 3541 iuermem
318 3483 550 3552 ntimpoteuteru
580 3480 982 3548 sdbuounusuillcere,beo
1035 3482 1376 3551 tenebrescentium
1394 3494 1584 3555 cesponticum
1608 3485 1780 3541 tenebrosum
1806 3486 1867 3543 erit

162 3588 209 3628 me
224 3570 361 3643 parabola
379 3577 524 3628 conantur
548 3573 719 3628 conciscere
733 3586 742 3630 ι
761 3568 910 3636 Quomodo
924 3568 981 3636 lex,
1035 3572 1110 3645 (tue.
1122 3589 1162 3640 ιι,
1175 3573 1232 3645 ut).
1248 3573 1278 3630 Si
1289 3574 1366 3629 enim
1378 3573 1408 3630 in
1420 3590 1478 3629 uno
1489 3574 1583 3645 caplte
1596 3574 1654 3631 duo
1665 3574 1741 3630 oculi
1752 3575 1864 3647 pariter

161 3661 309 3733 inquiunt,
325 3660 425 3716 divina
439 3659 567 3716 obtinuit
580 3666 609 3717 et
634 3661 765 3717 bumana
779 3659 856 3731 quod
877 3659 982 3714 debeat
1035 3660 1132 3718 ridere
1144 3661 1384 3735 dedignarentur,
1401 3679 1499 3718 nonne
1508 3663 1625 3735 justum
1639 3671 1717 3720 esset
1732 3671 1764 3720 ut
1774 3665 1865 3721 ambo

160 3749 258 3806 omnis
271 3750 362 3806 riator
376 3765 434 3819 qua
450 3748 477 3804 id
495 3748 587 3818 possit
598 3764 667 3806 voce
682 3749 814 3819 prodere,
826 3763 893 3803 cum
905 3747 983 3802 videt
1034 3749 1177 3822 decapite
1192 3751 1384 3807 eruerentur?
1395 3752 1467 3808 (lum
1479 3752 1569 3824 igitur
1578 3752 1630 3808 bos
1639 3751 1740 3810 oeulos
1756 3753 1867 3826 pituita

160 3839 262 3911 lupum
278 3854 397 3912 gregem
413 3839 560 3907 loradere,
575 3854 621 3906 ne,
641 3840 719 3897 bunc
735 3838 760 3895 si
772 3838 893 3909 prodere
906 3853 982 3892 cuo·
1034 3838 1865 3916 snperbreeealreruunmsuperponendograviteregro·

159 3934 264 3996 otetur,
280 3928 388 3986 sublati
401 3928 511 3999 pecoris
527 3945 594 3985 reus
609 3927 981 3994 habeatur5debentetiam
1034 3933 1097 3985 tare
1124 3929 1273 3994 vidissem,
1289 3933 1318 3983 ct
1346 3944 1422 4000 sepe
1452 3928 1521 3985 huie
1547 3929 1623 3987 bello
1651 3930 1865 4002 Interluisaem,

160 4016 260 4091 pusilli
275 4033 342 4073 oum
359 4017 521 4087 maJoribus
537 4017 629 4072 iustes
642 4015 686 4071 rel
700 4013 836 4085 quelibet
849 4014 983 4070 deieodi·
997 4044 1021 4111 B
1036 4017 1119 4074 nisus
1135 4034 1201 4074 sum
1213 4016 1430 4089 qualiscunque
1447 4017 1717 4091 medicusrpsornm
1726 4021 1864 4077 morbum

158 4105 226 4162 cula
238 4105 377 4176 arripere,
392 4105 462 4162 dum
477 4104 575 4160 acrius
586 4102 694 4160 bellum
707 4104 806 4159 vident
819 4102 983 4159 exadversa
1035 4105 1206 4173 describere,
1215 4112 1244 4161 et
1254 4107 1364 4163 eisdem
1374 4107 1612 4180 bocopusculum
1623 4108 1865 4181 quasiquoddam

159 4194 232 4251 lacie
246 4195 474 4267 insurgereNoc
490 4192 559 4249 licet
571 4193 736 4263 omnigenis
752 4192 843 4248 armis
854 4207 981 4263 parcere,
1035 4193 1445 4267 collyriumimpendere,tum
1459 4199 1658 4265 ut,destructa
1668 4197 1866 4270 contentione,

61 4302 67 4307 ·
158 4281 875 4356 quinoluntoommunemhustemproaternere.
900 4278 983 4335 Unde
1035 4282 1189 4340 ambulent
1212 4283 1311 4356 stipsi
1337 4285 1366 4341 iu
1394 4284 1640 4349 dilectione,tum
1669 4292 1700 4343 ut
1724 4288 1866 4345 omnibus

158 4372 248 4429 David
258 4370 371 4443 pusilla
387 4371 575 4427 licetstuture
592 4371 620 4427 in
629 4369 720 4428 lunda
729 4376 758 4425 et
768 4369 981 4441 lapideGoliam
1036 4377 1259 4445 pateantoausa
1270 4372 1485 4429 manifestiores
1493 4376 1541 4444 spui
1553 4376 1582 4431 in
1594 4375 1756 4447 apostolica
1768 4376 1866 4446 digui-

24 4530 47 4539 ν
160 4459 395 4530 prostravit,qui
420 4459 500 4516 omni
518 4457 607 4514 lsrael
629 4457 659 4513 in
688 4457 760 4514 lacie
788 4456 982 4525 exprobrarit.
1034 4466 1179 4517 istasunt
1202 4461 1361 4533 digniores.
1379 4461 1544 4536 Namquod
1570 4465 1705 4520 eltamet
1729 4465 1862 4536 regulam

160 4546 270 4603 Horum
281 4547 479 4618 itaqueviotua
492 4548 603 4603 ratione
618 4545 981 4619 partieraopostulattone.
1036 4549 1246 4606 monachorum
1264 4555 1347 4606 tanta
1362 4554 1535 4608 auctoritate
1551 4552 1704 4624 Evangelio
1719 4557 1748 4609 et
1762 4553 1864 4625 digni.

160 4634 235 4707 elegi
250 4635 368 4705 proprio
377 4635 451 4707 stylo
463 4639 550 4691 Satan
562 4635 630 4690 liliis
641 4634 692 4691 Dei
704 4636 911 4707 proderc,quos
921 4634 983 4692 vult
1035 4640 1087 4695 tati
1103 4639 1280 4713 equiperari
1295 4638 1505 4710 apostolorum,
1516 4646 1607 4696 testor
1615 4640 1764 4714 judicium
1780 4644 1866 4698 iutu-

160 4724 373 4795 dispergereet
383 4731 480 4780 tamen
497 4723 663 4797 interipsos
677 4724 789 4794 absque
804 4728 873 4779 nota
883 4723 981 4779 latere.
1035 4745 1099 4784 rum
1112 4735 1141 4784 at
1155 4731 1266 4791 iesum,
1278 4728 1358 4783 uiros
1369 4736 1399 4783 et
1414 4730 1770 4801 mortuosjudicsturum,
1783 4732 1864 4805 quod

161 4812 345 4884 Quapropter
361 4809 530 4882 quicunque
545 4827 611 4868 rere
625 4811 696 4868 eatis
711 4811 763 4869 lilii
778 4812 841 4883 Dei,
856 4810 901 4869 rel
915 4828 982 4869 vero
1035 4816 1091 4874 boc
1102 4833 1160 4872 nou
1168 4832 1360 4889 personarum
1374 4816 1540 4890 acceptione
1551 4817 1866 4889 lecerim,sedveritate

159 4901 250 4959 uultis
264 4899 427 4974 computari
437 4900 770 4972 Israeli,animadrertite
780 4917 826 4957 me
839 4917 891 4970 pro
901 4902 983 4958 vebis
1036 4910 1065 4961 et
1080 4902 1284 4976 hujuscemodi
1304 4904 1472 4961 admonitus
1488 4904 1611 4964 risione.
1626 4906 1758 4971 Quadam
1782 4906 1865 4963 enirn

155 4996 184 5049 et
195 4991 231 5048 ad
248 5007 299 5047 ros
307 4989 488 5060 subsequens
503 4988 679 5061 opusculum
689 4990 858 5063 dirigere,in
871 5007 929 5061 quo
937 5007 984 5046 me
1036 4998 1119 5047 nocte
1134 5005 1263 5061 cumpro
1280 4990 1345 5061 ipsa
1359 4991 1523 5063 questione
1531 4994 1628 5048 mente
1640 4993 1773 5051 turbarer
1782 4991 1866 5050 solli-

157 5084 276 5137 constat
290 5095 346 5135 noo
358 5083 460 5135 contra
475 5093 537 5146 vos,
548 5079 598 5134 sed
614 5079 807 5136 contrahens
819 5081 868 5153 qui
880 5086 923 5135 est
934 5094 984 5134 rex
1036 5078 1204 5147 cita,aubito
1218 5093 1379 5148 oppressus
1389 5082 1656 5137 somnorisussum
1670 5081 1743 5138 mibi
1755 5083 1866 5140 missas

159 5184 249 5242 super
263 5167 415 5224 universos
431 5165 506 5224 illios
520 5168 666 5239 superbire
680 5168 818 5225 scribere.
835 5168 887 5225 llio
904 5169 983 5224 enim
1036 5168 1195 5234 celebrare,
1217 5172 1247 5222 et
1262 5181 1328 5223 ecoe
1344 5167 1402 5223 ridi
1419 5167 1455 5223 ad
1481 5169 1614 5226 dextram
1629 5168 1734 5228 altaris
1757 5170 1868 5245 pariter

157 5255 227 5314 licet
241 5256 346 5314 dixerit
364 5256 505 5313 circuisse
520 5272 552 5312 se
566 5259 676 5313 terram
700 5265 728 5314 et
752 5256 984 5330 perambulasse,
1036 5256 1218 5315 collaterales
1228 5253 1431 5327 placidorultu
1442 5257 1513 5313 mibi
1524 5266 1583 5314 tres
1593 5260 1867 5319 mireauotoritetis

160 5346 407 5404 tamenrticitcum
419 5343 713 5403 dliisitelsnteiteum
722 5345 863 5410 adfuisse,
873 5343 985 5402 scilicet
1037 5347 1115 5404 uiros
1127 5351 1233 5402 astare
1247 5344 1290 5401 lle
1301 5344 1390 5418 igitur
1399 5349 1576 5416 stupentem
1586 5346 1637 5421 qui
1648 5354 1747 5404 essem
1758 5348 1868 5420 pariter

157 5436 191 5487 ut
202 5434 268 5503 eius
280 5434 387 5505 spiritu
408 5434 606 5506 concipientes
619 5435 764 5507 superbus
777 5433 853 5492 illios
868 5439 983 5507 parerat
997 5415 1020 5485 C
1040 5437 1197 5502 nesciente,
1208 5441 1328 5506 repente
1345 5433 1479 5505 quadam
1490 5450 1544 5490 ros
1561 5435 1702 5508 insonuit,
1716 5453 1780 5507 que
1792 5437 1866 5494 mibi

157 5535 305 5593 quesesre
320 5519 396 5577 tillus
411 5523 463 5579 liei
471 5522 625 5581 invideret.
634 5525 838 5582 comenimsit
850 5524 983 5582 intervos
1037 5530 1112 5585 duos
1122 5524 1241 5597 quidem
1253 5522 1659 5596 apostolos,Bartbolomaum
1670 5526 1865 5596 athomam,

157 5608 238 5665 setus
253 5617 281 5666 et
297 5610 456 5677 contentio,
469 5626 566 5668 nonne
576 5612 791 5672 bomineseetis
801 5613 983 5695 etoarnales,
1038 5618 1157 5676 tertium
1175 5617 1274 5670 autem
1289 5615 1319 5668 s.
1335 5612 1525 5671 benedictum
1542 5615 1721 5673 monachum
1742 5616 1803 5673 iera
1817 5614 1864 5673 in-
