3950 6034
120 246 160 310 ss
636 250 688 314 ult
709 247 856 315 otvttrte
878 248 1055 317 unumne.
1078 272 1117 301 ⁸-
1138 253 1210 316 nto.
1235 256 1288 317 lt.
1789 253 1828 312 et

120 383 189 439 vite
204 387 364 441 narmutur
378 385 512 452 miserie,
528 398 602 457 quas
617 388 646 441 in
661 382 758 443 cilicio
778 387 948 460 prescripto
964 392 989 456 Α
1005 386 1210 459 suscipientes,
1227 389 1353 445 lructutn
1366 388 1490 458 justitia
1506 389 1822 455 retulerunt,eteorum

119 477 226 529 mnata
240 473 373 546 deploret
388 474 527 532 Ecclesia.

435 576 552 639 CAPUT
573 578 636 638 Vll.

418 666 453 727 lle
468 670 657 740 Sexnptsltna.

156 777 332 833 Praeclarum
344 778 736 850 hujusDominicaeollicium
748 770 945 850 tempusillud

118 866 257 921 secunda
272 866 364 923 aetatis
377 866 507 940 respicit,
524 885 585 940 qso
602 866 729 940 primum
745 868 823 930 exiit.
841 867 890 939 qui
904 882 947 923 se·

119 955 215 1011 minat
230 956 378 1013 seminare
393 974 494 1013 semen
512 974 612 1026 suum,
629 974 687 1029 quo
703 960 831 1028 primum
843 973 944 1012 recon-

119 1044 300 1101 ciliationem
317 1045 419 1102 mundi
436 1060 599 1120 praeparare
614 1046 761 1117 incipieus
775 1042 890 1102 locutus
902 1038 946 1101 est

120 1133 192 1203 Noe,
206 1140 234 1190 et
249 1134 408 1193 Ecclesiam
434 1136 495 1207 jam
512 1134 661 1193 infantiles
677 1152 769 1191 annos
784 1152 944 1207 egressam,

118 1222 225 1296 primis
237 1229 447 1296 praeceptorum
457 1214 735 1281 suorumelcmentis
749 1223 880 1279 imbuere
891 1240 945 1279 cos·

118 1311 171 1384 pit.
186 1308 260 1368 Nam
277 1329 312 1368 ex
336 1330 393 1385 quo
418 1312 453 1369 de
475 1312 635 1386 tranquillo
659 1318 687 1370 et
702 1317 800 1386 quieto
818 1313 944 1384 paradisi

118 1402 201 1456 utero
212 1400 347 1473 ejectam
361 1402 437 1459 hanc
453 1404 522 1458 nata
536 1410 581 1459 est
598 1402 758 1468 miseriem,
777 1419 863 1475 quem
881 1402 944 1473 ejus

118 1490 300 1546 nativitatem
313 1491 414 1549 beatus
424 1488 479 1550 lob
491 1492 519 1549 iu
531 1494 663 1565 ejusdem
675 1490 808 1548 Ecclesiae
819 1508 943 1564 persona

119 1578 162 1649 (ut
175 1578 216 1635 ait
232 1581 338 1636 Beatus
350 1582 519 1654 Gregorius)
536 1581 678 1654 deplorat,
695 1580 944 1637 disscerperet

117 1666 181 1724 dies
192 1670 288 1742 inqua
299 1676 386 1727 natus
397 1689 461 1728 sum
474 1670 535 1744 (lob
550 1672 604 1744 ιιι),
625 1693 640 1723 »
656 1676 685 1727 et
700 1678 811 1738 caetera,
829 1669 939 1727 nullam

117 1756 160 1814 ilii
177 1766 388 1831 preceptorum
402 1777 521 1816 suorum
535 1751 805 1832 legiturtradi'dissc
816 1754 943 1831 discipli·

116 1860 197 1903 nam.
211 1854 247 1902 st
258 1865 323 1903 vero
334 1850 450 1905 locutus
466 1867 531 1906 curu
545 1844 614 1919 Noe,
627 1850 727 1905 diceus
741 1867 747 1903 :
760 1873 773 1899 a
787 1849 861 1915 Quia
875 1860 941 1904 ecce

117 1953 171 2009 ego
186 1941 317 1994 statuam
330 1945 446 2010 pactum
460 1956 556 1995 meum
569 1940 718 1995 vobiscum
729 1937 805 2011 (Gen.
817 1942 866 2005 ιιι),
884 1959 898 1988 n
914 1938 942 1991 et

116 2025 663 2101 iteratebenedictione,superductem
674 2021 941 2100 incipiensabolere

118 2114 365 2182 maledictionem,
378 2117 519 2187 paulatim
536 2117 691 2189 pueritiam
705 2113 869 2172 mundisuo
881 2132 940 2172 ma·

115 2200 237 2275 gislerio
254 2204 384 2275 subjicit,
402 2206 476 2262 dans
492 2212 633 2278 precepta
648 2206 794 2278 quadem,
812 2205 940 2277 primum

115 2292 185 2359 Noe,
202 2293 544 2353 deindedbrahametin
556 2294 615 2351 iltis
630 2296 941 2367 primoribusinitlsns

113 2382 259 2453 justitiam
277 2384 355 2439 fidei.
372 2382 495 2439 Perfecit
523 2386 618 2440 aulem
636 2374 696 2440 baec
712 2384 741 2440 in
759 2383 940 2455 plenitudine

116 2471 226 2544 gratiae,
245 2472 315 2527 dum
336 2468 405 2527 exiit
420 2473 449 2528 in
466 2471 544 2528 hund
566 2473 708 2528 mundum
726 2464 940 2529 ternanensi

116 2562 264 2632 accipiens
280 2558 399 2632 (ntitrp.
411 2561 511 2633 imper
525 2562 654 2633 seipsum
667 2558 697 2617 ln
708 2563 815 2633 populo
825 2556 940 2617 tudae·

115 2666 192 2730 rum,
209 2654 239 2706 et
255 2667 307 2721 per
321 2655 439 2707 sanctos
450 2650 596 2721 apostolos
610 2650 640 2705 in
652 2650 790 2707 omnibus
802 2651 941 2723 gentibus

114 2740 263 2795 seminare
276 2756 375 2796 semen
388 2757 486 2796 suum.
500 2741 556 2795 liae
571 2740 660 2811 igitur
674 2739 824 2797 Dominice
834 2737 940 2812 legitur

114 2827 169 2883 hoc
184 2829 369 2901 evangelium
387 2846 393 2884 ε
410 2826 487 2885 sain
502 2831 549 2901 qui
562 2830 680 2886 sentinat
693 2832 833 2885 seminare
846 2844 940 2884 remen

112 2935 195 2974 annm
209 2918 287 2989 (tur.
303 2921 382 2987 vn1);
399 2919 552 2990 agiturque
567 2921 654 2974 statio
670 2919 706 2974 ad
722 2920 856 2974 saucium
868 2916 940 2974 Pau·

113 3006 185 3073 lum,
199 3007 289 3080 digna
304 3024 376 3063 saue
391 3014 419 3063 et
437 3008 563 3063 evidenti
581 3025 681 3073 cause,
698 3008 768 3079 quia
787 3009 845 3063 dut
860 3006 940 3064 'verbi

113 3096 291 3169 praecipuus,
306 3103 411 3153 atvero
439 3092 602 3153 seminator
624 3096 777 3154 verborum
804 3096 866 3170 ipse
882 3102 937 3165 est,

114 3202 166 3258 per
183 3203 272 3255 «quem
289 3204 391 3242 omnes
406 3191 507 3257 gentes
523 3192 720 3258 coguoverunt
735 3187 858 3259 gretiam
875 3185 937 3251 Dei,

13 3296 14 3301 ¹
114 3276 278 3347 Antequam
295 3292 364 3347 ergo
380 3266 515 3331 sacerdos
529 3274 665 3343 introeat,
684 3275 765 3332 velut
779 3284 938 3348 antequam

115 3364 278 3419 seminator
295 3364 342 3419 ille
359 3362 394 3420 ad
408 3381 481 3436 opus
495 3379 582 3420 suum
599 3372 681 3421 exeat
701 3366 769 3438 (net.
786 3368 856 3435 xiv),
868 3362 939 3421 dum

13 3486 14 3505 i
116 3448 212 3508 adbuc
231 3452 263 3507 in
287 3455 421 3509 accubitu
447 3462 500 3510 sno
520 3450 574 3523 est,
591 3457 620 3509 et
642 3455 670 3509 in
700 3455 766 3510 sinu
784 3455 832 3510 oei
848 3455 939 3511 Patris

116 3542 253 3614 quiescit,
268 3542 431 3598 conclamat
446 3540 553 3598 chorus
570 3561 577 3599 ι
595 3543 726 3614 Exsurge,
743 3552 828 3615 quere
843 3538 940 3601 clrior·

116 3634 178 3703 nnis,
196 3632 313 3688 Dcrnine
327 3634 339 3686 ‚⁹
354 3632 439 3700 [Paul.
455 3635 547 3704 ιιιιιιι.)
562 3635 735 3705 Exurgeodo
756 3637 833 3690 euim
851 3632 879 3690 et
894 3651 938 3691 se·

115 3736 181 3777 meu
197 3738 286 3777 snum
304 3720 477 3777 seminando
490 3722 542 3777 boc
557 3718 714 3778 allecturus
730 3722 940 3790 matutinales

116 3812 189 3881 ejus,
208 3828 298 3883 quam
316 3816 435 3882 propter
451 3820 602 3883 peccatum
618 3815 772 3879 averterat,
784 3810 812 3867 ld
829 3817 938 3878 estno-

13 3902 14 3959 ἰ
115 3898 177 3954 titis
192 3901 259 3972 ejus
274 3899 403 3955 hurrieno
418 3901 515 3969 generi
533 3917 635 3956 rursus
650 3897 843 3956 illucesceret.
853 3902 938 3974 iguo·

115 3989 209 4044 ranila
240 4005 368 4061 namque
386 3988 445 4056 liei,
472 3994 554 4045 terre
582 3996 687 4046 nostrie
707 3990 847 4046 sterilitas
875 3990 937 4048 luite

115 4078 283 4134 seminator
298 4079 387 4152 igitur
401 4077 554 4150 sapientise
568 4078 706 4149 eoelestis,
719 4079 788 4150 qula
804 4088 891 4135 suum
903 4074 939 4136 ad

115 4182 188 4238 opus
204 4176 235 4222 ut
250 4166 362 4223 dictum
377 4171 431 4237 est,
448 4168 557 4233 exiens,
569 4173 597 4222 et
612 4173 739 4224 aratores
755 4170 866 4237 suoe‚id
883 4173 938 4241 est,

116 4261 231 4311 sanctos
247 4254 394 4328 apostolos
407 4258 585 4324 conducens,
602 4256 729 4311 maxime
741 4258 857 4312 beatum
867 4263 940 4313 Pau-

114 4343 186 4414 lum,
203 4345 256 4418 qui
273 4344 339 4416 plus
354 4344 492 4400 omnibus
508 4345 566 4400 illis
598 4342 752 4414 laboravit,
769 4347 938 4418 operarium

113 4434 212 4489 utilem
227 4434 341 4501 habuit,
357 4433 494 4505 quemad
511 4438 612 4506 gentes
628 4434 719 4502 misit,
735 4438 764 4491 et
779 4439 864 4491 acuto
879 4452 931 4492 vo·
991 4407 1176 4477 J⁰V⁰¹¹t⁰t⁰m
1192 4410 1334 4472 'mmm’

113 4540 191 4579 mare
206 4523 315 4596 linguae
330 4523 394 4594 ejus
411 4524 500 4579 corda
516 4524 590 4579 dura
605 4522 809 4595 proscindens,
827 4524 895 4581 ssdei
911 4528 939 4581 et
953 4500 977 4571 D

112 4628 228 4669 morum
245 4610 396 4684 copiosum
413 4628 515 4667 semen
527 4610 636 4666 infudit
646 4612 669 4680 (l
681 4612 743 4668 Cor.
756 4622 812 4682 ιν).
823 4614 938 4684 lngres=

112 4719 161 4759 sua
177 4702 425 4758 sacerdosstntim
437 4701 465 4756 ln
480 4698 618 4757 collecta:
635 4702 714 4771 Dens,
731 4704 780 4773 qut
793 4703 937 4774 conspicit,

111 4790 394 4860 celebremejusdem
407 4790 535 4846 doctoris
545 4791 676 4862 gentium
686 4790 855 4846 memoriam
870 4798 938 4862 prat·

111 4880 199 4937 mittit
215 4880 252 4953 (ll
267 4879 328 4935 Cor.
341 4878 390 4950 ιιι),
408 4882 439 4933 ut
455 4878 611 4933 stationem
628 4868 833 4936 colivenicbter
848 4878 935 4936 ascri·-

110 4972 191 5041 ptam
203 4985 322 5039 egressu
341 4983 459 5040 quoque
471 4966 635 5039 proprietas
653 4968 839 5024 manifestius
856 4982 936 5025 com·

109 5060 240 5114 mendet.
261 5057 395 5127 Amplius
412 5060 509 5110 autem
526 5056 561 5109 sd
583 5054 637 5112 hoe
659 5066 785 5127 sequens
807 5046 936 5129 Epistola

108 5148 247 5219 pertinet,
274 5146 424 5218 quaidem
451 5140 630 5200 fortissimus
658 5144 784 5202 coelestis
800 5146 934 5218 agricolae

108 5236 261 5308 operarius
276 5246 358 5290 terna
369 5234 484 5290 labores
497 5248 567 5289 suos
583 5239 736 5289 enumerat
750 5239 779 5290 et
793 5234 932 5307 pericula,

107 5327 215 5397 quibus
232 5322 316 5380 illum
334 5323 495 5379 alienarunt
517 5318 559 5391 bl,
577 5323 628 5393 qui
653 5316 769 5378 Domini
791 5324 834 5379 sili
862 5325 933 5382 fines

107 5414 287 5477 invaserant,
316 5429 368 5468 uec
389 5411 466 5466 rirnri
495 5408 715 5482 permittebant.
731 5408 875 5470 Graduale
895 5408 930 5472 oti

107 5508 386 5576 utramquepartem
403 5498 555 5557 hominum
573 5502 701 5574 respicit,
716 5504 745 5558 et
759 5516 861 5560 eorum
877 5503 930 5562 sci·

1004 475 1053 547 qui
1070 475 1246 534 rebellantes
1261 479 1402 533 universa
1414 485 1497 534 terrae
1509 480 1684 534 Dominatori
1694 480 1823 533 aratrum

1002 567 1065 637 ejus
1081 569 1446 640 cont'regeront‚bovesque
1458 566 1825 638 innocuoajugulavcrunt.

1005 654 1199 712 trisseminato
1215 666 1342 728 namque
1364 661 1452 714 verbe
1467 657 1519 713 Dei
1546 658 1715 712 factumest
1744 656 1823 727 quod

1002 742 1042 798 alr
1058 759 1065 797 ε
1083 745 1211 800 «Sciant
1225 751 1337 817 gentes,
1353 746 1494 816 quoniam
1506 760 1612 801 nomen
1624 742 1778 808 tibiDeus,
1796 751 1823 798 ιιι

1001 832 1823 906 soluaAltissimussuperomnamterrarntetulerunt»

1001 926 1031 978 et
1045 922 1075 977 ui
1091 923 1140 994 qui
1152 923 1402 996 illudffrepuierunt
1411 924 1496 995 positi
1509 928 1625 991 salutat
1634 921 1823 989 rota,sciiieet

1000 1011 1030 1066 in
1046 1022 1079 1067 eo
1095 1015 1169 1083 quod
1186 1020 1339 1086 surgentes
1356 1014 1384 1068 in
1401 1013 1458 1078 his,
1475 1013 1525 1085 qui
1544 1015 1718 1077 retroeunt,
1734 1010 1825 1065 idest

1001 1100 1029 1156 in
1046 1102 1225 1167 carnalibus,
1238 1105 1347 1158 cadunt
1371 1102 1400 1159 iu
1416 1102 1555 1158 anteriori
1582 1106 1672 1172 parte,
1690 1100 1718 1154 id
1732 1104 1778 1156 est
1791 1097 1821 1153 in

1000 1190 1266 1261 intellectualibua3
1281 1198 1320 1257 et,
1329 1192 1576 1263 quemadmodum
1588 1188 1697 1262 stipula
1707 1189 1821 1261 disper·

1000 1279 1079 1351 gitur
1094 1286 1161 1335 ante
1178 1282 1280 1337 lactem
1296 1282 1385 1347 venti,
1399 1282 1443 1336 sic
1456 1281 1653 1353 disperierunt
1663 1279 1749 1334 flante
1759 1277 1820 1349 spi·

1000 1367 1057 1422 ritu
1074 1370 1122 1422 irae
1133 1368 1194 1424 Dei.
1211 1371 1239 1424 lu
1255 1370 1466 1441 tractugretiaa
1477 1370 1536 1441 agit
1552 1385 1630 1438 sepe
1644 1368 1722 1422 dicto
1734 1365 1823 1422 semi·

999 1457 1103 1523 uetari,
1121 1463 1268 1513 commota
1283 1469 1357 1513 terra
1372 1465 1400 1513 et
1415 1459 1587 1513 conturbate
1604 1455 1690 1528 (Pani.
1705 1455 1773 1524 ιιιι),
1791 1455 1821 1510 id

998 1551 1042 1603 est
1058 1547 1184 1602 universi
1209 1551 1384 1616 peccatores,
1403 1550 1454 1603 44
1477 1548 1527 1617 qui
1543 1547 1661 1618 quando
1686 1545 1817 1600 dutturns
1915 1572 1925 1587 ·

998 1652 1066 1693 sues
1089 1638 1276 1692 adverterunt
1299 1639 1435 1693 esseben
1459 1636 1663 1702 exsecrabiles,
1676 1633 1816 1690 commoti

958 1759 981 1833 n
999 1735 1067 1780 sunt
1082 1726 1116 1780 ad
1135 1726 1381 1795 paenitentiam‚et
1393 1742 1444 1796 per
1457 1725 1702 1795 significationem
1718 1721 1817 1791 paredi·

998 1813 1120 1869 eationia
1135 1814 1307 1884 incipientes
1319 1815 1431 1879 timere,
1445 1816 1591 1883 tugiunta
1606 1812 1679 1867 sacia
1689 1809 1818 1880 nreus‚id

996 1907 1042 1959 est
1056 1919 1073 1958 a
1088 1904 1134 1956 die
1145 1903 1261 1971 judieii,
1277 1904 1306 1957 in
1323 1920 1382 1974 qun
1397 1904 1514 1958 duobus
1530 1899 1820 1971 testamentis,quasi

997 1995 1111 2048 duobus
1125 1992 1263 2048 cornibus
1273 1993 1524 2057 inflerisarsbelles
1534 1992 1621 2047 Verbi
1636 1990 1725 2047 diuini
1738 1991 1818 2045 dem·

996 2081 1124 2136 nationis
1147 2086 1261 2137 reterns
1286 2083 1393 2152 sagitta
1414 2081 1566 2137 ferientur.
1590 2084 1677 2135 tecto
1698 2078 1816 2132 tandem

996 2169 1148 2235 Rsannelro
1165 2174 1294 2226 duntona
1305 2171 1440 2242 sequitur
1454 2170 1613 2226 offerenda:
1625 2169 1728 2237 Perfice
1737 2183 1814 2236 prrs-

995 2275 1041 2316 nn
1056 2276 1129 2316 mres
1144 2262 1172 2315 in
1188 2263 1296 2317 semitis
1311 2263 1365 2316 trtis
1381 2261 1468 2331 (Prot.
1495 2262 1563 2329 ιιι).
1579 2257 1754 2314 sinendum
1770 2260 1815 2311 est

994 2349 1084 2419 enim,
1110 2368 1145 2406 na
1169 2360 1305 2423 suscepto
1330 2353 1439 2408 semine
1463 2354 1549 2408 Verbi
1565 2350 1617 2406 Dei
1637 2365 1723 2405 secus
1739 2347 1814 2401 viam

994 2442 1117 2510 expositi
1132 2448 1160 2496 et
1175 2442 1204 2496 iu
1220 2443 1412 2498 exterioribus
1428 2447 1577 2514 vagantes,
1593 2456 1610 2496 a
1637 2439 1815 2505 volucribus,

995 2530 1026 2585 id
1040 2536 1094 2588 est.
1104 2548 1121 2584 a
1131 2532 1287 2601 spiritibus
1302 2533 1464 2587 immundis
1478 2530 1661 2602 diripiamur,
1674 2533 1725 2583 aut
1735 2548 1750 2580 n
1761 2525 1816 2583 sol·

994 2617 1198 2675 licitodinibus
1213 2626 1241 2675 et
1255 2620 1501 2691 spinosisdiritiis
1516 2619 1616 2675 saeculi
1627 2616 1816 2682 sullocemur3

994 2715 1046 2764 aut
1058 2709 1223 2777 humorem,
1248 2710 1338 2766 idest
1359 2710 1566 2783 pinguedinem
1589 2707 1742 2763 charitatis
1755 2721 1813 2761 nou

995 2796 1117 2867 habens,
1134 2799 1240 2854 bonum
1257 2814 1356 2855 seman
1374 2807 1485 2855 arescot
1499 2801 1528 2854 io
1546 2798 1640 2865 nobis,
1657 2802 1686 2852 et
1700 2796 1743 2851 sic
1755 2810 1812 2849 non

994 2886 1183 2959 perficientur
1197 2902 1316 2960 pressus
1332 2890 1434 2945 nostri.
1446 2888 1579 2944 Mirificut
1596 2884 1812 2942 misericordias

994 2978 1252 3042 suas‚duo1eemrn
1263 2979 1638 3047 misericorditerinjeotum
1650 2976 1817 3031 custoditut

996 3066 1137 3138 pupillam
1153 3066 1230 3123 oculi
1248 3070 1349 3140 (ieta),
1366 3086 1402 3123 ne
1414 3076 1629 3139 compungatur
1642 3083 1659 3121 a
1673 3064 1817 3121 suffocan-

997 3155 1075 3211 tibus
1090 3156 1195 3227 spinis,
1213 3162 1339 3228 protegit
1354 3159 1409 3213 sub
1431 3159 1535 3212 umbra
1558 3156 1670 3211 alarum
1694 3166 1816 3210 suarum

996 3243 1097 3313 tiled),
1115 3262 1151 3301 ne
1165 3246 1292 3301 siccetur
1306 3247 1460 3302 ardoribus
1471 3244 1553 3310 solie,
1570 3242 1700 3316 eripiteli
1711 3241 1815 3313 impio,

996 3348 1031 3389 ne
1047 3336 1161 3389 auferat
1175 3337 1295 3391 verbum
1321 3335 1357 3392 de
1373 3335 1509 3391 cordibus
1534 3334 1663 3400 nostris;
1686 3337 1716 3387 nt
1738 3331 1815 3386 dicat

995 3421 1071 3477 bona
1094 3428 1170 3479 terra
1191 3424 1317 3479 tructam
1342 3425 1466 3480 atterens
1490 3424 1519 3479 in
1546 3424 1685 3495 patientia
1700 3438 1710 3476 :
1726 3443 1740 3471 «
1754 3420 1814 3491 lige

994 3521 1091 3567 autem
1104 3513 1253 3582 injustitia
1264 3513 1408 3585 apparebo
1420 3514 1448 3568 in
1458 3517 1615 3583 conspectu
1626 3516 1676 3566 tuo
1691 3509 1813 3581 (ibidis

994 3600 1118 3665 iitsicut
1129 3603 1157 3655 in
1165 3605 1370 3658 commuuione
1381 3599 1671 3665 eantamua‚rnnoteo
1681 3599 1716 3654 ori
1727 3600 1818 3654 attare

995 3690 1044 3744 Dei
1056 3689 1146 3759 (Prot.
1162 3691 1241 3760 ιιιι).
1260 3691 1363 3746 Samen
1376 3692 1474 3760 itaque
1492 3690 1541 3744 tiri
1564 3698 1669 3744 terram
1687 3692 1815 3743 nostram

994 3778 1024 3833 in
1039 3790 1097 3849 qua
1124 3779 1213 3834 crevit
1230 3780 1319 3851 (qnod
1346 3779 1477 3835 mirabile
1503 3786 1548 3833 r-st
1564 3778 1584 3845 l)
1601 3792 1721 3833 sursum
1737 3776 1816 3832 vehit

994 3885 1094 3925 secum
1110 3868 1140 3924 in
1156 3869 1259 3924 horres
1274 3869 1356 3936 coeli3
1371 3870 1440 3940 qnia
1464 3885 1529 3923 curn
1547 3867 1742 3931 terracinus,
1760 3864 1816 3918 nisi

994 3959 1089 4014 Verbo
1104 3959 1155 4014 Dei
1171 3965 1330 4029 portemur,
1348 3959 1424 4030 quod
1441 3965 1486 4013 aet
1499 3958 1642 4022 Christus,
1665 3955 1694 4009 in
1709 3954 1814 4008 castum

995 4064 1052 4103 uon
1068 4047 1267 4112 ascendimus,
1292 4048 1368 4103 sicut
1392 4048 1456 4119 ipse
1470 4047 1511 4101 ait
1527 4062 1534 4102 ι
1550 4068 1564 4097 «
1580 4043 1670 4101 Nemo
1686 4042 1816 4099 escendit

994 4138 1024 4194 iu
1049 4139 1164 4206 coelum,
1195 4137 1250 4193 nisi
1278 4138 1369 4194 Filius
1396 4136 1524 4193 bominis
1540 4136 1590 4207 qui
1615 4141 1661 4191 est
1685 4134 1713 4190 in
1743 4132 1815 4189 orele

994 4227 1085 4296 (turin.
1100 4228 1140 4299 ιι).
1156 4250 1171 4278 >›
1186 4229 1257 4283 Cum
1276 4228 1339 4299 ipso
1354 4244 1422 4299 ergo
1438 4233 1467 4283 et
1490 4243 1541 4297 per
1562 4226 1658 4297 ipsum
1682 4223 1817 4280 subleva·

994 4315 1102 4380 bimur,
1116 4320 1265 4386 portantes
1277 4316 1444 4387 manipulos
1451 4313 1815 4386 justitie‚letitlcantetteo

1346 4405 1769 4478 iuvigorenositatisasternae.

1299 4510 1411 4567 CAPUT
1430 4511 1506 4565 Vllt.

1251 4602 1288 4655 lle
1303 4600 1548 4672 Quinquepesimn.

1029 4708 1179 4765 Dominira
1194 4708 1254 4765 haec
1269 4711 1383 4765 tertiam
1404 4708 1504 4764 niundi
1522 4712 1634 4765 etatem
1653 4706 1814 4781 significat,

993 4813 1049 4871 qua
1073 4797 1332 4865 adolescentulam,
1362 4796 1627 4871 pubescentemque
1657 4798 1815 4854 Ecclesiam

992 4890 1151 4961 respiciens
1168 4890 1410 4958 [reuerentiam
1428 4896 1544 4961 tempus
1566 4890 1630 4959 ejus
1643 4892 1727 4957 juxta
1745 4906 1811 4958 pro-

991 4978 1109 5051 phetam
1125 4983 1241 5050 tempus
1263 4983 1340 5034 esset
1364 4978 1525 5033 ornantium
1553 4977 1658 5050 (Erech.
1675 4978 1744 5047 nur),
1759 4976 1811 5030 eri-

990 5066 1052 5139 puit
1064 5064 1144 5123 illam
1157 5068 1193 5122 de
1206 5068 1301 5122 medio
1317 5067 1535 5132 fornicatorum,
1547 5070 1665 5121 mittens
1682 5065 1810 5136 Moysen,

989 5160 1018 5212 ct
1030 5158 1136 5223 Aaron,
1153 5161 1182 5212 et
1198 5174 1249 5228 per
1263 5156 1347 5229 signa
1363 5174 1469 5228 mogun
1485 5161 1571 5229 atque
1588 5158 1718 5227 portentu
1736 5152 1811 5208 tilios

990 5240 1812 5323 lsraeleducensdcservituteAEgyptiorumduireivalde

988 5334 1139 5404 praesentis
1156 5332 1312 5390 ltominicae
1327 5332 1611 5407 congruitoldcium,
1626 5332 1708 5387 valde
1729 5346 1810 5387 cem·

987 5421 1058 5492 petit
1075 5422 1113 5485 id,
1130 5423 1207 5494 quod
1234 5423 1288 5479 bae
1313 5420 1360 5477 dia
1384 5418 1490 5495 legitur
1513 5419 1712 5489 Evangelium.
1735 5424 1806 5476 Nam

985 5512 1061 5565 sicut
1078 5510 1125 5566 hic
1137 5513 1242 5567 sedens
1258 5529 1350 5567 cecus
1367 5514 1441 5565 viam
1460 5509 1622 5582 postulabat
1635 5509 1744 5575 lucere,
1756 5511 1806 5566 scd

13 5650 15 5667 1
105 5591 184 5661 licet,
199 5594 251 5666 qui
275 5594 416 5664 tanquam
441 5590 518 5647 bona
539 5594 627 5661 terra,
661 5607 761 5649 semen
777 5586 861 5650 i'erbi
879 5590 930 5653 Dei
985 5600 1121 5656 sturnis
1142 5602 1349 5673 increpabatur
1374 5606 1406 5657 ut
1429 5606 1539 5657 taceret
1558 5601 1634 5673 (Luc.
1659 5602 1753 5674 ιιιίιι),
1769 5594 1808 5654 ita
