3950 6034
81 308 142 369 869
536 305 628 368 vlla
650 300 883 366 cttoutlatnt
906 299 1087 364 EPISGOPI
1110 300 1338 366 CONSTAN'I'.
1731 305 1794 368 ato·

80 439 186 507 oculis,
203 439 396 510 presentibus
412 440 552 510 prospicit
567 445 656 511 atque
671 437 696 473 7⁰
718 439 833 506 lutaris,
855 453 908 492 nec
924 443 949 507 ,t
966 440 1012 491 tna
1028 448 1125 491 rerum
1138 436 1279 508 protavit.
1290 437 1358 492 Viro
1372 452 1497 509 namque
1509 436 1557 494 Dei
1569 439 1605 494 de
1618 437 1652 475 ¹⁰¹
1669 456 1801 508 prasen-

81 540 125 586 est
137 529 266 585 studium
278 529 490 585 ecclesiasticae
503 525 913 601 tradtttonta'laotroligionis
969 525 1046 580 tibus
1062 525 1146 580 beatu
1162 526 1317 583 chunrado
1334 524 1369 562 ¹⁰²
1390 527 1516 593 sublato,
1534 526 1734 585 Gamenoldus
1759 520 1797 565 ¹⁰³

82 621 162 675 unde
178 620 306 675 fervente
316 616 342 652 ⁷⁸
355 619 385 674 iu
401 618 460 675 Deo
481 634 614 674 smmum
637 615 662 652 ⁷⁹
684 619 844 675 enormitas
868 632 914 675 ex·
967 615 1088 686 quidam
1107 623 1225 671 vacante
1240 615 1476 685 excipitursnlio.
1488 616 1621 673 fluertem
1638 625 1698 673 tnta
1710 617 1796 675 lustri

80 715 191 765 terreat
207 708 328 767 tabnris.
968 701 1643 775 expletionemnetuncto,distamusneharnmo
1653 708 1796 764 Conslan-

117 799 145 855 7.
163 798 297 854 Pericula
314 797 405 855 maris
421 797 506 854 tertio
521 802 660 870 temptat,
676 804 708 853 ut
722 799 829 853 lotione
846 796 913 851 Hie·
968 795 1010 848 tta
1021 798 1182 865 promuerit
1191 807 1349 868 pastorem,
1361 797 1528 851 sanctitatis
1539 805 1674 854 reserant
1681 815 1795 854 morum

84 888 212 945 russiam
233 889 288 945 etsi
311 892 482 943 terrestrem
505 890 623 956 nidestq
649 903 707 943 non
730 903 782 958 pro
806 886 914 942 nichilo
969 883 1194 953 predecessoris
1209 885 1254 940 sui
1274 883 1424 941 Chuerddi
1438 884 1616 942 inomnibus
1631 887 1780 943 heredem.

86 978 211 1042 «lucens,
227 976 252 1032 si
267 983 375 1033 terram
391 978 759 1049 repromissionisaspeetu
783 977 915 1032 intuetur
1006 970 1049 1024 to,
1064 970 1104 1026 De
1121 972 1157 1010 tot
1168 974 1253 1044 qu'us
1268 973 1428 1031 virtutibus
1444 979 1572 1032 retexere
1588 975 1698 1048 aliqud.
1714 978 1798 1048 epis·

87 1065 913 1139 ²⁹oarnis‚ubipatriarcharumfigurisetprophetarum
969 1058 1209 1117 tolerismtoime
1239 1063 1552 1137 permittitttngustia,
1580 1067 1706 1122 maxime
1730 1081 1799 1121 eum

87 1155 245 1213 trascensis
259 1154 396 1222 oraculis,
411 1157 510 1228 ipsum
521 1155 610 1212 Deum
621 1155 768 1212 hominem
780 1153 815 1226 ⁸⁰,
826 1169 914 1229 quem
969 1152 1056 1204 tauta
1072 1153 1238 1218 credantur,
1252 1169 1341 1223 quam
1358 1153 1394 1208 ad
1419 1153 1536 1209 laudem
1559 1153 1654 1224 ipsius
1676 1154 1798 1210 materia

87 1249 288 1323 praecinebant
302 1253 414 1321 septem
431 1247 625 1304 humanitatis
645 1253 805 1321 assumpte
821 1247 844 1285 ⁸¹
865 1263 914 1303 re·
970 1237 1119 1294 breaitatis
1133 1239 1290 1312 impatiens
1305 1256 1369 1298 esee
1380 1241 1521 1299 videatur.
1531 1244 1660 1300 Tandem
1670 1245 1707 1301 ad
1719 1248 1798 1301 trau·

85 1346 234 1396 serentem
250 1339 410 1410 sigoaouta,
424 1338 491 1393 fldei
506 1339 721 1408 contemplator
735 1338 839 1395 ocutis,
970 1327 1059 1382 situm
1076 1329 1167 1400 patria
1182 1329 1427 1386 Conradicetamo
1445 1332 1604 1403 festinanti,
1627 1334 1662 1389 de
1688 1333 1797 1402 multis,

123 1429 151 1482 8,
167 1427 420 1498 snprqmemorati
437 1429 530 1499 patris
546 1427 685 1492 usqistei,
703 1434 735 1483 ut
756 1427 841 1484 navit
865 1428 916 1483 sn.
970 1432 1034 1488 que
1045 1419 1081 1472 ad
1098 1418 1237 1475 honorem
1253 1419 1302 1476 Dei
1317 1422 1345 1474 in
1360 1423 1405 1476 sui
1421 1422 1567 1493 pontilicis
1580 1422 1637 1478 dici
1656 1428 1800 1491 poterant-

88 1515 206 1580 mustis,
224 1518 383 1588 perfruitur
398 1516 916 1578 amicitia.exercitaturvisitacionis
970 1498 1067 1573 Ῑᾶθῑῑθ»
1084 1524 1174 1563 ΙΗΝΠΙ)
1193 1515 1329 1581 limatur,
1346 1513 1423 1581 (ίῦοἆ
1448 1517 1507 1566 tem
1529 1509 1693 1567 imilflllfflle
1709 1528 1798 1584 quam

93 1617 204 1660 mutuae
225 1605 396 1677 frequentia.
415 1608 472 1661 Nec
488 1607 645 1668 incongrue
662 1605 703 1674 ⁸¹3
717 1605 746 1661 in
760 1609 823 1677 ipso
836 1606 916 1662 onim
970 1596 1164 1654 admiratione
1175 1599 1267 1654 relatu
1278 1617 1335 1656 non
1347 1602 1500 1673 indiguum
1512 1600 1801 1658 censeatur.Paseha

84 1693 437 1766 assptrqtngntifltpghto
460 1711 510 1765 per
535 1710 706 1766 episcopum
735 1696 864 1765 eligitur,
886 1695 917 1750 in
974 1685 1340 1759 lissiqutdemlatitioe¹⁰⁵
1363 1691 1426 1747 dies
1453 1691 1582 1760 advenit,
1613 1692 1643 1746 in
1673 1708 1731 1764 qua
1759 1692 1803 1747 vir

87 1782 184 1856 quo⁸⁴
195 1785 254 1839 qne
270 1782 353 1839 mss
364 1800 415 1856 per
427 1784 596 1856 psophpqmn
610 1786 738 1850 uagique,
756 1784 806 1841 [qap
817 1792 917 1841 putem
932 1815 956 1880 B
971 1781 1029 1846 pate
1042 1780 1171 1849 Agrium,
1187 1789 1273 1853 cujus
1288 1783 1433 1853 sanguine
1443 1789 1504 1836 tum
1515 1781 1685 1837 intentionis
1695 1786 1801 1836 nostro

87 1872 118 1928 io
137 1874 284 1927 territorio
299 1870 514 1926 Constantiensi
530 1876 661 1926 castrum
677 1870 796 1927 exsitns
809 1871 835 1906 ⁸⁰
850 1888 916 1944 pro·
973 1867 1209 1935 superliminare,
1225 1878 1287 1925 lum
1314 1876 1409 1941 postes
1432 1873 1563 1942 corporis
1588 1877 1751 1943 purgantur
1773 1873 1803 1925 et

95 1960 218 2032 prietale
235 1961 340 2033 loyfen
353 1958 379 1996 ⁸⁷
395 1962 617 2016 denominatum
634 1960 709 2034 (ἰῆς
726 1961 825 2033 inquo
850 1960 920 2017 dum
972 1957 1090 2022 animae,
1101 1959 1177 2013 inter
1192 1959 1350 2015 missarum
1363 1957 1610 2015 artiorem¹⁰⁶tleo
1625 1959 1700 2030 patri
1714 1960 1802 2014 obtu-

92 2049 182 2107 simul
199 2054 426 2116 commorantes,
444 2049 491 2104 die
513 2050 639 2120 quadam
665 2051 824 2105 maximum
851 2050 920 2105 aeni
974 2044 1158 2118 litdccepto
1185 2065 1255 2123 ergo
1284 2048 1414 2121 eorporis
1441 2047 1581 2105 dominini
1605 2054 1802 2115 sacramento,

96 2137 221 2195 velutin
237 2140 376 2209 abyssum
395 2138 467 2195 inibi
485 2135 512 2173 ⁸⁸
527 2141 694 2210 proruentis
711 2140 833 2209 indeque
856 2138 921 2194 visu
973 2139 1132 2191 veniturud
1143 2136 1296 2208 sanguinis
1308 2135 1802 2211 ejusdemparticipationemdattr
1885 2193 1889 2202 ,

90 2227 214 2284 terribili
229 2225 254 2261 ⁸⁹
270 2227 439 2283 ebullientis
456 2229 633 2283 mirarentur
659 2226 824 2299 impletum,
848 2229 922 2285 (tuas
973 2240 1008 2279 ex
1025 2241 1103 2280 rurore
1114 2227 1195 2282 disco
1206 2230 1354 2297 oporinum
1371 2244 1477 2284 aranea
1492 2227 1556 2283 vile
1569 2227 1677 2299 liquori
1697 2227 1804 2298 illapsa

92 2318 194 2372 vident
207 2314 340 2371 volueres
351 2317 427 2371 oirca
442 2332 559 2388 rupeas
575 2316 670 2372 medin
686 2317 819 2373 dominis
831 2317 923 2373 iaces·
974 2315 1115 2371 cernitur.
1132 2316 1249 2372 Animal
1265 2317 1370 2374 mortis
1386 2318 1507 2373 exitium
1532 2316 1643 2372 hornini
1666 2314 1804 2373 exteriori

91 2405 169 2462 santi
184 2403 208 2441 ’⁰
221 2406 317 2462 notatu
333 2415 479 2478 gyrantes.
496 2405 564 2470 Qua
576 2407 758 2470 rtcrebrius,
769 2406 923 2478 ingruente
977 2403 1119 2469 minatur,
1134 2407 1184 2460 sed
1202 2405 1317 2461 iuterim
1335 2407 1440 2478 poculo
1464 2404 1623 2461 immortali
1646 2406 1803 2462 animatur.

91 2503 207 2551 rotatus
222 2495 346 2561 delectu,
362 2495 439 2551 unda
455 2496 575 2550 torrenti
582 2494 777 2567 jamJamqua
788 2494 920 2567 precipi·
973 2493 1055 2559 Quod
1074 2495 1140 2550 iecit
1156 2494 1291 2551 minister
1306 2494 1432 2552 coelestia
1446 2495 1595 2552 convivii?
1618 2494 1741 2550 Summa
1754 2511 1803 2551 aa·

93 2587 150 2641 tari
164 2582 185 2619 ⁹¹
199 2584 388 2655 incipiebant,
404 2600 583 2656 rursumque
598 2595 792 2654 emergentes,
804 2584 923 2641 misera·
975 2583 1090 2639 elnotus
1106 2583 1174 2651 tide,
1192 2585 1264 2640 nillil
1281 2585 1310 2639 in
1323 2585 1378 2640 han
1389 2601 1418 2640 re
1430 2583 1564 2648 mortale,
1575 2583 1803 2640 nihilducitexi·

95 2672 153 2730 bile
168 2672 370 2743 spectaculum
384 2674 568 2729 intuentibus
578 2675 753 2745 prabebant.
765 2671 823 2728 Neo
833 2674 923 2730 diure
975 2675 1061 2735 tiele:
1076 2674 1189 2730 avidius
1204 2676 1351 2731 consumit
1366 2680 1396 2732 et
1410 2676 1487 2748 quod
1498 2675 1673 2731 sacramenti
1684 2681 1712 2730 et
1722 2673 1802 2746 quod

94 2762 224 2820 insulula
239 2765 360 2819 oblutus
376 2771 546 2820 sanctorum
563 2765 741 2817 frustrantur
755 2762 790 2828 ⁸¹,
813 2763 877 2835 qui,
894 2764 922 2817 in
973 2763 1138 2818 exterminti
1159 2765 1224 2831 l'utt,
1251 2780 1307 2820 nun
1332 2763 1491 2821 immemor
1516 2764 1630 2835 antiqui
1656 2761 1802 2833 serpentis

92 2853 191 2909 avium
208 2853 304 2923 specie
319 2866 434 2908 animas
449 2856 578 2907 nondum
596 2852 707 2920 plene⁹³
724 2861 861 2923 purgatas
873 2850 922 2906 illo
975 2867 1116 2907 venenum
1131 2852 1263 2908 antidoto
1279 2852 1425 2924 passioms
1441 2853 1596 2909 dominicae
1618 2859 1804 2919 evacuatum,

96 2943 235 2997 tormenti
249 2956 354 3013 genere
374 2941 508 3007 cruciari,
535 2957 586 3011 pec
609 2939 745 3011 spiritum
770 2942 921 2996 docentur.
975 2942 1115 2997 Cerneres
1130 2941 1284 2997 ministerii
1301 2941 1391 3012 hujus
1414 2953 1617 3014 cooperatores
1640 2941 1810 3014 pallescere.

98 3027 266 3085 Festinalur
294 3045 363 3102 ergo
392 3030 428 3085 ad
453 3030 641 3085 celeberrima
666 3044 772 3084 diense
796 3026 922 3084 caelestis
990 3029 1808 3103 mminrnaantistiti,utsuspioantur,necisperioulum

94 3118 229 3191 presidia
241 3138 253 3186 ς
266 3122 296 3174 et
308 3118 387 3190 prior
401 3124 434 3174 ut
456 3117 563 3189 hospes
586 3118 723 3173 accedere
745 3119 861 3189 angitur
884 3116 922 3174 tl·
976 3121 1241 3176 circumstantibus
1259 3120 1389 3176 innuere.
1406 3121 1450 3175 ab
1466 3119 1644 3175 omnibusiu
1655 3134 1811 3176 commune

90 3206 223 3263 delricus
238 3206 273 3276 ⁹⁸,
290 3208 416 3264 hostiam
434 3208 499 3263 vile
517 3207 731 3263 immolaturus.
748 3205 923 3271 Quadivini-
940 3184 962 3251 C
977 3212 1112 3266 tristatur
1125 3227 1159 3264 ac
1174 3211 1304 3275 timetur,
1321 3209 1383 3265 dies
1399 3209 1500 3281 gaudii
1515 3209 1545 3264 iu
1563 3223 1720 3267 moerorem
1746 3224 1815 3265 ver·

91 3295 923 3368 tussuscopta,⁹⁸,nnnnisiunaaomparetavicula3altera
977 3299 1312 3370 titur.Tamenparaotn
1341 3298 1559 3354 communionis
1587 3298 1805 3365 distributione,

90 3403 144 3459 per
159 3385 313 3442 dominum
339 3387 445 3442 domus
473 3383 496 3422 ⁹⁸
517 3386 623 3441 salutis
645 3386 766 3440 otlertnr
795 3383 818 3420 ⁹²
837 3385 920 3440 uicti·
978 3387 1056 3444 ultra
1070 3390 1204 3444 omnium
1223 3387 1722 3460 spemadmensem,artusjeiuniis
1737 3392 1813 3444 atta·

90 3494 151 3543 ma,
166 3480 196 3532 ct
218 3475 311 3533 altera
333 3475 422 3532 simili
445 3475 647 3533 translationis
668 3475 755 3530 modu
776 3473 923 3530 liberatur
978 3485 1086 3533 unates
1098 3478 1269 3542 reiecturus,
1282 3477 1405 3543 accedit,
1416 3477 1466 3533 sed
1479 3492 1537 3532 non
1548 3477 1702 3549 gustando
1713 3477 1813 3533 cibum

91 3567 203 3622 anima.
980 3566 1152 3638 aliquandiu
1170 3567 1252 3621 sodit.
1269 3569 1460 3621 Percontatur
1473 3567 1617 3621 seoretius
1643 3565 1712 3637 quid
1735 3573 1814 3622 esset

138 3656 166 3711 9.
190 3655 330 3712 Preterea
357 3656 496 3727 spiritum
527 3653 684 3725 prophetiae
708 3652 732 3689 ⁰⁸
756 3652 927 3709 beatissimo
980 3664 1109 3712 aeturus.
1127 3658 1255 3726 asperto,
1271 3654 1379 3725 inquit,
1403 3654 1538 3725 hospitem
1564 3653 1595 3710 iu
1618 3653 1746 3725 proximo
1764 3670 1812 3712 ue·

96 3746 254 3800 chunrado
271 3761 328 3801 non
339 3745 477 3812 defuisse,
491 3745 928 3814 extisqmesequuuturpossu·
980 3748 1113 3802 aientem.
1131 3747 1165 3800 Et
1180 3745 1319 3801 reclinato
1332 3760 1421 3816 super
1432 3759 1566 3801 mensam
1578 3744 1684 3814 capite,
1694 3742 1814 3799 exitium

102 3851 165 3890 mus
180 3835 327 3906 colligere.
351 3835 446 3891 Causa
466 3833 571 3899 extitit,
596 3847 644 3904 prn
666 3848 723 3902 qua
745 3833 930 3890 terminanda
982 3851 1096 3892 aranee
1111 3840 1211 3905 aperto
1223 3833 1332 3906 praebet
1346 3848 1405 3899 ore,
1420 3849 1484 3904 quse
1502 3848 1555 3888 neo
1570 3832 1682 3889 moritu
1697 3830 1817 3887 hunnine

101 3927 236 3989 domum,
248 3925 276 3979 iu
287 3941 346 3996 qua
355 3922 379 3960 ’⁹
388 3923 570 3985 morabatur,
582 3937 647 3976 cum
662 3922 761 3993 pannis
773 3922 928 3979 consilium
983 3925 1046 3993 Dei,
1062 3940 1115 3979 neo
1132 3931 1253 3978 mortem
1270 3923 1365 3992 potuit
1377 3922 1494 3978 inferre.
1508 3922 1583 3977 Tum
1594 3927 1706 3992 quanta
1717 3918 1815 3976 convi-

101 4012 256 4069 hnbiturus
273 4012 431 4088 egreditur.
446 4017 539 4080 Super
558 4013 643 4081 cuius
665 4012 757 4066 sedile
782 4014 811 4067 iu
833 4012 930 4068 medio
985 4010 1481 4081 varumexsultatio,quantsdeviri
1494 4009 1817 4067 constantieeuboritur

102 4102 238 4159 relictum
253 4104 325 4158 dum
341 4104 457 4175 optima
470 4099 582 4156 indolis
596 4098 800 4170 denehardos,
824 4102 931 4159 tercius
984 4101 1150 4167 admiratio,
1168 4100 1258 4156 lactor
1273 4102 1369 4173 potius
1386 4100 1485 4156 animo
1501 4099 1658 4172 concipiet,
1669 4115 1759 4171 quam
1771 4115 1818 4154 ex·

102 4199 171 4264 post
185 4207 252 4248 eum
267 4192 435 4264 episcopus,
446 4208 501 4245 nun
512 4190 582 4246 serii
594 4189 932 4260 gratianensedisset¹⁰·,
987 4191 1191 4264 perimendum
1209 4191 1304 4246 verbis
1322 4190 1430 4262 exigat.

107 4289 260 4352 reppertus
271 4282 349 4350 ineo,
362 4283 434 4337 tulta
448 4281 699 4348 aanterveniante
710 4289 789 4350 patre
802 4300 858 4338 non
869 4283 933 4338 sine
1023 4281 1066 4336 il,
1082 4284 1215 4336 Celerum
1234 4280 1337 4352 plenus
1353 4281 1467 4335 dierum
1481 4280 1583 4335 beatus
1595 4280 1770 4336 chunradus
1781 4275 1817 4314 ¹⁰³

107 4373 216 4427 rubore
228 4373 313 4429 rerba
328 4371 461 4428 audiuit:
479 4372 664 4433 Praemorure,
680 4371 784 4442 inquit,
801 4371 935 4427 mnatre
987 4385 1108 4426 cursum
1122 4368 1346 4424 oonanrnrrartt.
1371 4367 1458 4423 fldem
1483 4370 1619 4435 servavit,
1646 4368 1674 4422 in
1700 4366 1815 4438 reliquo

107 4460 152 4527 de,
167 4461 257 4517 sedem
273 4478 360 4516 mom
374 4459 520 4528 arripuisti
532 4479 540 4527 ς
553 4473 617 4515 uate
631 4465 735 4528 tempas
746 4460 836 4515 locum
846 4462 936 4531 ponti.
990 4461 1148 4530 repositam
1160 4457 1216 4515 eibi
1229 4456 1513 4528 coronam,justiaita
1524 4457 1816 4528 aDomiuoaeceptu·

110 4549 173 4622 ficis
202 4551 339 4605 invasisti.
370 4546 461 4605 aniate·
495 4546 628 4612 recredet,
667 4549 716 4617 qut
746 4554 825 4614 prior
856 4557 881 4604 te
912 4545 1820 4622 in[trumjustojudioem.Transiitautemdehujusexilii

110 4640 164 4696 tac
175 4639 288 4696 tatedrn
303 4639 417 4695 sedebit.
432 4637 512 4702 Quod
529 4655 618 4710 quam
638 4653 736 4692 verum
761 4636 860 4706 luerit,
881 4640 942 4696 exi·
997 4638 1164 4695 tenebrisd.
1177 4636 1235 4693 liat.
1249 4636 1670 4710 Decembrisannodaminice
1682 4637 1821 4693 incarna-

790 4771 911 4828 VARIAE
930 4771 1137 4830 taediosus.

144 4880 423 4938 “teatinimusli
459 4879 481 4914 Π
500 4876 682 4935 terrentem?
717 4877 745 4912 ⁷⁸
759 4876 838 4935 iltius
853 4896 879 4937 s.
895 4880 922 4935 2.
960 4879 984 4916 ²⁹
1000 4878 1204 4952 promissionis
1219 4885 1248 4937 at
1263 4879 1356 4937 oculis
1382 4880 1547 4936 intueretur
1572 4881 1600 4934 2.
1639 4876 1663 4913 ⁸⁰
1688 4881 1717 4932 et
1741 4876 1770 4933 h.
1793 4877 1823 4930 2.

104 4953 248 5009 ”suaa
287 4952 310 4988 ⁸²
325 4952 472 5007 immerito
487 4953 513 5005 2.
552 4948 741 5021 ⁸³rquippe2.
780 4947 1638 5023 8⁴antestesi'iepiecnpushicperantletilemel.quo2.
1675 4947 1820 5004 “derata.

104 5025 285 5080 vostrost.
322 5022 524 5078 ⁸⁷Lautien2.
562 5020 700 5077 ⁸⁸‹leert2
747 5020 950 5079 ”horribiliss
997 5021 1062 5078 ⁹⁰i.
1092 5022 1294 5094 prominentes
1320 5023 1540 5093 incessantique
1563 5025 1592 5076 2.
1630 5017 1735 5083 ⁹¹0⁰oe
1758 5021 1819 5089 i¹¹8·

113 5099 261 5151 inter-lum
279 5096 335 5150 rd.
351 5111 493 5165 aquarum
512 5094 647 5160 voragine
662 5093 876 5162 praecipitaris.
915 5093 940 5130 ⁹²
954 5094 1074 5150 insolita
1090 5096 1183 5150 saneti
1202 5099 1220 5150 t.
1237 5099 1264 5150 2.
1303 5093 1327 5130 ⁰⁸
1343 5113 1372 5149 n.
1391 5111 1463 5160 pens
1486 5093 1570 5163 plene
1593 5092 1619 5147 l.
1642 5092 1765 5146 necdum
1784 5089 1819 5142 ad

114 5171 235 5238 plenum
251 5185 279 5239 p.
295 5167 323 5223 2.
360 5164 696 5221 “samorttrnlricnza
735 5162 892 5234 ⁹⁸acoapta
915 5171 942 5223 2.
981 5167 1004 5202 ⁸⁸
1030 5167 1282 5222 Cnorudumudd.
1310 5168 1338 5222 2.
1377 5164 1399 5202 ⁹¹
1427 5166 1474 5220 uli.
1502 5166 1530 5220 2.
1571 5163 1592 5197 ⁹⁸
1619 5162 1769 5232 9¹⁰9hene
1795 5161 1820 5216 ¹·

107 5238 428 5313 ⁰⁹q.tuncru.iurte⁹
465 5236 500 5271 ¹⁰⁰
516 5236 640 5290 sedisset
655 5237 681 5290 2.
720 5235 828 5290 ¹⁰¹a2.
870 5236 1170 5295 amandemus.
1211 5238 1247 5274 ¹⁰³
1261 5239 1454 5308 gamenoldus
1471 5238 1497 5290 1.
1539 5234 1576 5271 ¹⁰⁵
1590 5239 1673 5302 rapot
1690 5233 1733 5289 10.
1748 5231 1822 5286 deest

108 5313 137 5369 t.
178 5309 212 5345 ¹⁰³
227 5313 325 5366 laetitia
339 5315 366 5365 2.
406 5307 440 5344 ¹⁰⁶
455 5306 706 5366 celebrationem?
745 5306 779 5342 ¹⁰⁷
794 5309 822 5363 b.
837 5312 867 5363 c.
882 5309 980 5365 desum
995 5314 1022 5366 2.
1063 5307 1099 5346 ¹⁹⁸
1114 5326 1138 5365 s.
1156 5308 1273 5382 sibique
1288 5311 1434 5381 rapjust.
1448 5303 1618 5364 eor.aDeo
1633 5304 1683 5361 i.i.
1700 5304 1821 5375 recapit.

109 5384 294 5440 transuta.

910 5505 1026 5568 NOTAE.

147 5620 206 5696 (tt)
226 5620 337 5679 Lauteu
352 5620 428 5679 inira
441 5616 654 5678 Schaihausen.
